1820 3340
273 252 292 274 β’

271 252 324 289 υ2

270 367 354 415 Quo
375 367 627 406 tendentibus
650 371 816 418 quatuor
836 368 947 406 nobis
970 370 1104 417 patent
1127 368 1227 405 viae:
1261 380 1305 406 ea
1327 371 1370 406 ut
1391 372 1589 407 auctorem
1623 368 1755 419 ipsum

269 439 554 487 interrogemus
587 450 663 488 quo
685 441 861 488 tempore
893 450 992 488 opus
1015 450 1130 476 suum
1153 438 1345 488 scriptum
1366 451 1452 477 esse
1474 439 1585 488 velit,
1617 438 1757 477 deinde

270 513 315 546 ut
345 521 474 546 rerum
513 509 650 547 eodem
681 512 857 558 tempore
894 511 1067 546 actarum
1105 509 1271 557 vestigia
1308 510 1556 558 indagemus,
1594 513 1678 547 tum
1715 514 1759 547 ut

270 591 503 630 quaeramus
536 580 677 629 quibus
708 582 843 617 auctor
867 579 1039 617 fontibus
1062 579 1114 617 sit
1136 591 1250 627 usus,
1283 583 1463 630 quartum
1487 583 1531 617 ut
1552 579 1758 618 universus

269 650 395 688 libelli
425 650 580 688 habitus
611 650 660 687 ad
691 661 791 699 quae
823 653 998 699 tempora
1028 650 1260 688 referendus
1292 650 1343 688 sit
1375 650 1589 689 videamus.

394 722 427 758 1.
462 722 669 758 Auctorem
700 720 821 769 igitur
841 720 971 769 ipsum
995 720 1121 770 primo
1142 720 1227 759 loco
1259 733 1329 770 par
1350 724 1410 759 est
1429 721 1576 759 audire.
1629 721 1759 771 Atque

269 791 494 828 invenimus
526 803 614 828 eum
644 794 775 840 partes
807 790 891 828 eius
921 794 1122 840 agentem,
1154 791 1221 841 qui
1253 803 1341 829 cum
1374 795 1413 829 et
1443 791 1527 841 ipse
1560 790 1759 829 Socratem

269 861 513 900 familiariter
556 861 707 899 noverit
745 864 785 899 et
827 861 912 899 eius
956 861 1188 911 disciplinae
1226 861 1416 899 sodalium
1454 873 1571 899 usum
1608 861 1760 906 habeat,

271 932 425 970 etiamsi
457 932 600 970 actioni
632 932 718 981 ipse
749 944 827 969 non
854 932 1097 980 interfuerit,
1130 932 1333 969 certamini
1355 932 1414 969 illi
1437 932 1691 970 scribentium
1713 933 1761 970 de

271 1003 430 1042 Socrate
461 1002 652 1052 proximis
691 1006 780 1051 post
818 1002 928 1040 litem
965 1003 1078 1040 annis
1117 1006 1247 1040 coorto
1260 1002 1288 1051 1)
1327 1015 1369 1040 se
1407 1002 1636 1040 immisceat.
1699 1003 1760 1040 Ad

270 1086 356 1112 eam
387 1073 708 1123 disceptationem
740 1073 926 1111 videlicet
946 1073 1189 1122 paragrapho
1214 1074 1234 1110 1
1270 1085 1512 1121 revocamur;
1545 1085 1636 1111 nam
1658 1074 1762 1123 quod

271 1148 407 1182 auctor
447 1139 711 1196 „yeyooiqootot
749 1138 828 1193 μὲν
865 1137 938 1182 οὗν
975 1139 1078 1195 περὶ
1116 1140 1267 1182 τούτου
1304 1139 1378 1182 καὶ
1417 1139 1569 1182 ἄλλοιιι
1608 1144 1759 1182 scribit:

271 1215 339 1264 qui
370 1219 450 1252 tam
489 1214 658 1264 simplici
697 1215 815 1252 verbo
854 1214 959 1252 viros
998 1227 1195 1252 summum
1235 1215 1436 1264 postmodo
1474 1226 1615 1253 nomen
1654 1226 1762 1252 asse-

272 1289 382 1323 cutos
414 1285 522 1323 velut
552 1285 753 1322 Platonem
786 1285 1115 1334 comprehendere
1146 1289 1184 1322 et
1217 1297 1259 1323 se
1290 1285 1419 1334 ipsum
1443 1285 1517 1323 hoc
1538 1285 1651 1323 modo
1673 1297 1762 1323 cum

270 1356 350 1394 illis
382 1368 548 1405 aequale
580 1356 789 1405 quisquam
820 1355 921 1393 alius
954 1359 1105 1405 poterat
1136 1359 1290 1405 praeter
1320 1355 1549 1405 aequalem?
1610 1355 1762 1393 Deinde

271 1428 320 1464 de
351 1427 424 1475 eis,
457 1438 557 1476 quae
595 1427 642 1464 ab
681 1426 932 1475 Hermogene
976 1430 1130 1464 narrata
1168 1437 1255 1464 esse
1291 1426 1490 1476 dicuntur,
1534 1426 1589 1464 ita
1630 1430 1763 1464 auctor

270 1497 444 1547 loquitur
476 1496 515 1547 (ἓ
540 1495 597 1547 2),
630 1501 674 1534 ut
705 1497 946 1535 consuetudo
977 1497 1170 1546 quaedam
1202 1497 1237 1535 ei
1270 1509 1359 1534 cum
1391 1496 1460 1535 illo
1491 1496 1762 1535 intercessisse

271 1572 312 1606 et
342 1580 412 1617 per
443 1568 681 1617 colloquium
703 1568 749 1605 ab
772 1579 816 1605 eo
839 1567 935 1605 haec
956 1568 1156 1617 accepisse
1178 1568 1374 1616 videatur3
1407 1568 1762 1617 convenienterque

271 1640 387 1677 etiam
421 1639 461 1676 in
494 1639 656 1688 reliquis
687 1639 806 1676 rebus
837 1638 891 1676 ita
923 1642 1119 1686 versatur,
1152 1642 1196 1676 ut
1228 1638 1389 1676 testium
1422 1641 1763 1688 spectatorumque

271 1710 327 1748 rei
360 1710 579 1748 certissima
609 1709 837 1748 auctoritate
871 1721 960 1747 eum
993 1710 1065 1747 niti
1096 1710 1243 1748 credas.
1309 1710 1407 1748 Cum
1446 1710 1616 1759 denique
1644 1710 1762 1748 finem

271 1781 448 1818 facturus
481 1781 755 1829 disputationis
784 1780 981 1819 Socratem
1016 1781 1217 1830 praedicat
1248 1781 1309 1818 his
1340 1780 1490 1818 verbis:
1524 1774 1656 1832 ,,Ἒγὼ
1687 1775 1764 1829 μὲν

273 1848 326 1904 δὴ
358 1854 580 1889 κατανοῶν
612 1854 688 1889 τοῦ
719 1846 871 1902 ἀνδρὸς
901 1848 977 1904 τήν
1008 1863 1054 1889 τε
1086 1845 1245 1902 σοφίαν
1276 1847 1348 1889 καὶ
1382 1848 1457 1904 τὴν
1489 1847 1764 1905 γενναιότητα

273 1917 370 1960 οὔτε
402 1920 461 1975 μὴ
492 1921 742 1975 μεμνῆσθαι
776 1918 961 1971 δύναμαι
994 1917 1124 1960 αὐτοῦ
1157 1916 1253 1960 οὔτε
1289 1916 1555 1976 μεμνημένος
1591 1919 1650 1975 μὴ
1687 1917 1764 1960 οὖν.

273 1988 509 2042 §mmmm
543 2005 588 2031 ea
619 1993 804 2031 videlicet
835 1992 947 2040 dicit,
986 2005 1086 2042 quae
1119 1993 1247 2031 dicere
1279 2005 1356 2030 non
1394 1996 1545 2042 poterat
1582 1993 1659 2030 nisi
1697 1992 1764 2042 qui

273 2075 348 2101 usu
378 2063 464 2113 ipse
496 2064 695 2112 cognitum
731 2063 929 2102 Socratem
968 2064 1144 2101 habebat.
1208 2063 1395 2101 Socratici
1434 2063 1555 2112 igitur
1593 2063 1763 2112 speciem

273 2146 365 2184 prae
398 2146 440 2172 se
470 2134 567 2172 fert:
600 2134 818 2172 alienamne
849 2138 979 2172 autem
1013 2145 1105 2173 eum
1138 2145 1343 2183 personam
1375 2145 1510 2182 gerere
1535 2133 1763 2171 credamus?

273 2205 383 2242 Duae
427 2217 491 2242 res
534 2206 634 2243 hanc
672 2206 907 2242 sententiam
946 2206 1201 2243 vehementer
1245 2204 1483 2242 dissuadent.
1554 2204 1763 2253 Susceptas

274 2276 378 2313 enim
410 2276 583 2325 primum
614 2279 745 2325 partes
784 2287 853 2325 per
883 2279 1009 2314 totum
1041 2275 1218 2313 libellum
1256 2275 1310 2312 ita
1347 2275 1547 2324 praeclare
1586 2275 1763 2317 sustinet.

273 2351 318 2383 ut
348 2358 542 2395 nusquam
577 2346 759 2384 dormitet
779 2349 847 2383 aut
869 2358 1056 2395 personae
1077 2346 1238 2383 indutae
1261 2345 1522 2383 obliviscatur.
1584 2345 1763 2395 Aspicias

273 2416 435 2464 deinde,
468 2429 631 2466 quaeso,
663 2416 732 2454 illa
762 2416 907 2453 indicia
941 2416 1072 2454 omnia
1094 2416 1284 2466 cuiusque
1317 2429 1363 2454 ea
1384 2416 1464 2453 sint
1485 2416 1641 2464 generis
1674 2427 1762 2454 con-

275 2487 441 2524 sideres:
475 2487 658 2525 excidere
690 2499 734 2524 ea
766 2487 916 2524 videbis
948 2486 1096 2525 auctori
1129 2486 1241 2536 quasi
1274 2487 1416 2535 insci03
1455 2498 1534 2524 non
1565 2490 1644 2524 tam
1676 2498 1764 2524 con-

397 2626 429 2668 1)
457 2624 506 2660 Cf.
535 2625 653 2659 Cobet.
681 2624 769 2659 Nov.
796 2625 892 2659 Lect.
921 2636 952 2668 p.
969 2624 1034 2659 661
1052 2635 1097 2658 s.:
1132 2624 1363 2668 „Xenophon
1389 2624 1457 2658 diu
1483 2626 1568 2668 post
1601 2623 1764 2658 Socratis

273 2687 427 2718 mortem
453 2684 496 2716 τὰ
518 2683 912 2729 Ἀπομνημονεύματα
938 2683 1097 2717 scribere
1124 2683 1258 2727 eoepit,
1292 2694 1406 2727 quum
1437 2682 1550 2716 mulli
1579 2682 1660 2716 iam
1691 2693 1764 2716 cer-

274 2743 384 2777 tatim
409 2743 528 2776 multa
555 2743 595 2776 de
629 2743 776 2777 Socrate
802 2742 1002 2776 memoriae
1024 2741 1290 2786 prodidissent.
1343 2741 1446 2775 Satis
1472 2744 1524 2775 est
1549 2740 1764 2785 apposuisse

287 2801 394 2835 verba
419 2812 436 2834 e
461 2801 714 2845 Xenophontis
740 2800 921 2845 Apoloyv'a
948 2800 1113 2834 Socratis
1137 2801 1162 2844 ἕ
1179 2801 1207 2833 1.
1236 2826 1267 2834 ..
1284 2827 1291 2834 .
1318 2803 1349 2833 et
1374 2811 1416 2834 ex
1441 2800 1590 2834 Memor.
1609 2799 1636 2833 I.
1655 2799 1678 2833 1
1684 2799 1720 2833 V.
1734 2800 1763 2832 1.

314 2887 320 2892 .
360 2860 507 2893 Laudes
537 2860 704 2894 Socratis
726 2863 810 2903 post
835 2859 914 2893 viri
938 2862 1089 2893 mortem
1108 2859 1281 2892 omnibus
1306 2862 1412 2892 erant
1438 2859 1481 2892 in
1506 2861 1602 2893 oref‘
1652 2858 1764 2892 Etiam

276 2919 384 2953 Isocr.
411 2918 527 2952 Busir.
543 2919 564 2953 <3
592 2925 692 2962 Πτῶν
719 2919 884 2951 ἐπαινεῖν
911 2919 1022 2950 αὐτὸν
1048 2918 1300 2963 εἰ,’)ισ,ιιε’νωνιι
1327 2918 1542 2952 mentionem
1567 2917 1663 2951 facit.
