1820 3340
268 255 322 292 86

705 367 737 421 ξ
764 365 807 409 2.
859 365 927 408 De
959 365 1320 409 Valckenaerio.

383 452 593 490 Enimvero
625 450 856 488 conserendi
885 450 1041 499 signum
1064 449 1290 488 certaminis
1321 462 1343 487 a
1363 450 1596 489 Heumanno
1619 451 1753 490 datum

262 523 305 560 in
336 526 476 560 ventos
508 521 649 559 abiisse
679 521 837 558 videtur
868 520 971 557 haud
1003 520 1139 558 multis
1171 520 1419 571 exauditum,
1452 533 1570 559 verus
1603 533 1754 572 oppug-

263 596 443 631 natorum
467 592 629 640 signifer
650 591 804 629 exstitit
827 590 1143 629 Valckenaerius.
1194 590 1312 629 Initio
1335 591 1439 629 enim
1461 592 1754 630 annotationum

264 663 314 701 ad
359 662 624 701 Memorabilia
671 661 927 700 Ernestianae
977 662 1148 710 primum
1198 673 1332 700 eorum
1382 662 1544 700 editioni
1595 663 1754 713 quintae

266 734 385 786 (Lips.
414 732 541 783 1772)
572 733 808 780 additarum,
840 745 863 769 a
894 731 1132 770 Schneidero
1169 732 1335 782 aliisque
1367 733 1622 782 repetitarum
1660 733 1755 772 locis

266 804 504 855 quibusdam
535 806 731 853 veterum,
771 803 915 852 quibus
948 802 1216 840 Memorabilia
1248 803 1473 851 laudantur,
1518 804 1757 842 enumeratis

267 879 307 913 et
338 874 630 924 Xenophontis,
662 877 706 912 ut
737 873 937 924 opinatur,
976 873 1103 922 ipsius
1136 873 1371 911 testimoniis
1410 886 1461 912 ex
1492 874 1616 924 Epist.
1650 874 1755 914 Socr.

265 946 409 984 XVIII
441 948 481 983 et
518 945 640 983 XXII
677 945 824 983 allatis:
870 944 967 982 ‘Sed
1002 944 1120 991 illast,
1165 944 1309 994 inquit,
1354 945 1542 994 inprimis
1579 946 1755 993 notabile,

267 1017 371 1066 quod
400 1016 531 1054 scribit
563 1016 606 1054 in
627 1015 752 1064 Epist.
776 1017 838 1062 15,
864 1028 906 1064 p.
932 1016 1000 1062 38,
1016 1024 1083 1057 10:
1117 1013 1249 1053 ,Δοκεῖ
1268 1019 1416 1068 χρῆναι
1439 1012 1551 1069 ἡμᾶς
1572 1013 1756 1068 συγγρά-

268 1099 366 1140 φειν
399 1084 427 1124 ἅ
463 1098 575 1125 ποτε
614 1077 738 1124 εἶπεν
776 1082 879 1139 ἀνὴρ
918 1081 993 1124 καὶ
1032 1079 1231 1137 ἔπραξεν·
1277 1081 1352 1123 καὶ
1390 1083 1497 1140 αὕτη
1537 1080 1758 1139 ἀπολογία

267 1153 420 1210 γένοιτ)
451 1153 502 1194 ἂν
534 1152 665 1195 αὐτοῦ
695 1149 897 1210 βελτίστη
929 1151 1003 1194 καὶ
1027 1149 1088 1202 εἰς
1108 1153 1157 1194 τὸ
1181 1159 1250 1194 νῦν
1271 1169 1317 1195 τε
1339 1151 1412 1194 καὶ
1435 1150 1496 1204 εἰς
1517 1154 1566 1195 τὸ
1589 1151 1757 1196 ἔπειτα.

268 1229 373 1266 Haec
410 1223 834 1281 ἀπομνημονεύματα
867 1227 1048 1276 praebent
1088 1227 1408 1276 Xenophonteam
1449 1227 1619 1266 Socratis
1655 1229 1759 1278 Apo-

269 1300 436 1348 loyiarn:
467 1298 668 1347 respondet
700 1299 806 1335 enirn
837 1298 882 1335 in
913 1297 975 1335 his
997 1298 1217 1346 Xenophon
1248 1298 1299 1335 ad
1318 1298 1478 1347 sinyata
1498 1298 1759 1336 accusationis

268 1370 417 1419 capita:
448 1372 648 1419 praeterea
686 1369 730 1406 in
761 1369 855 1406 Arte
885 1368 1038 1406 Rhetor.
1080 1369 1178 1406 inter
1216 1368 1340 1417 Opera
1370 1368 1536 1418 Dionys.
1569 1369 1693 1407 Hatic.
1719 1370 1758 1417 2,

263 1454 305 1490 p.
328 1442 421 1488 103,
447 1449 515 1486 34,
552 1440 724 1477 Socratis
756 1434 967 1491 ἐγκώμιον
1004 1439 1204 1488 scripsisse
1242 1439 1384 1477 dicitnr
1422 1440 1535 1478 Plato
1573 1435 1616 1478 ἐν
1648 1435 1759 1479 ἀπο-

268 1505 417 1564 λογίας
449 1507 651 1564 σχήματι·
690 1510 910 1560 Xenophon
941 1514 1071 1547 autern
1104 1503 1146 1548 ἓν
1177 1509 1268 1557 τοῖς
1301 1505 1758 1565 ἀπομνημονεύμασιν·

271 1579 328 1629 ὡς
359 1579 437 1635 γὰρ
471 1577 819 1633 ἀπολογούμενος
850 1576 960 1633 ὑπὲρ
987 1577 1240 1633 Σωκράτους
1272 1576 1483 1633 ἐγκώμιον
1504 1577 1759 1633 Σωκράτους

271 1646 479 1704 περαίνει.
563 1653 669 1697 Quae
711 1652 866 1701 vnlyata
903 1655 1057 1701 prostat
1103 1655 1146 1689 ut
1190 1652 1462 1701 Xenophontis
1507 1648 1761 1704 Σωκράτους

272 1717 508 1776 ἀπολογία,
549 1727 603 1761 est
634 1723 702 1760 illa
733 1723 802 1761 hoc
839 1723 996 1772 ingenio
1034 1723 1193 1772 capitali
1229 1723 1267 1760 si
1303 1723 1398 1772 qaid
1433 1723 1562 1761 iudico
1592 1735 1761 1772 prorsas

270 1795 456 1844 inctiyna,
489 1794 535 1832 ab
567 1794 692 1831 eodem
733 1794 921 1842 conflata,
962 1793 1026 1831 cni
1061 1794 1183 1842 finem
1221 1793 1477 1842 Cyropaediae
1514 1793 1692 1831 debemus
1728 1797 1761 1832 et

270 1866 350 1903 alia
382 1865 591 1914 praedam,
625 1877 722 1913 qnae
752 1865 864 1913 vntfso
898 1864 1079 1913 leynntnr
1109 1868 1153 1901 nt
1186 1862 1488 1913 Xenophontea.'

392 1936 553 1973 Duabus
584 1934 705 1982 igitur
736 1935 916 1973 videmus
948 1935 1161 1972 adductum
1193 1935 1409 1973 rationibus
1431 1935 1761 1973 Valckenaerium

273 2007 463 2044 iudicium
497 2018 611 2043 suum
643 2005 803 2054 tulisse,
842 2018 1007 2055 quarum
1046 2006 1151 2055 prior
1189 2018 1234 2043 ea
1272 2008 1348 2054 est,
1387 2006 1490 2056 quod
1528 2018 1617 2044 cuin
1654 2005 1762 2044 testi-

273 2077 401 2115 monio
434 2077 622 2126 epistolae
654 2076 762 2114 illius
794 2077 917 2114 altera
948 2077 1139 2126 Apologia
1170 2089 1192 2114 a
1213 2077 1473 2126 Xenophonte
1496 2076 1641 2126 scripta
1672 2088 1761 2115 con-

275 2148 409 2186 venire
453 2159 531 2185 non
569 2159 684 2196 posse
728 2147 945 2185 videbatur.
1015 2147 1171 2185 Mireris
1216 2159 1417 2185 censorem
1464 2147 1640 2197 alioquin
1682 2150 1761 2185 tam

274 2230 455 2256 severum
488 2218 580 2255 huic
612 2217 800 2267 epistolae
832 2220 912 2255 tam
944 2229 1081 2255 secure
1113 2229 1201 2255 esse
1233 2218 1435 2256 confisum.
1499 2217 1576 2256 Sed
1608 2220 1653 2255 ut
1673 2217 1762 2255 mit-

272 2293 403 2327 tamus
435 2288 690 2338 epistolarum
722 2289 904 2336 istarum,
943 2301 1042 2338 quae
1072 2288 1150 2326 iam
1183 2289 1333 2326 dudum
1364 2291 1532 2338 constat,
1572 2288 1761 2337 originem

273 2372 296 2397 a
327 2359 587 2408 Xenophonte
620 2359 777 2396 omnino
808 2359 995 2397 alienam:
1029 2359 1215 2408 quidnam
1237 2371 1288 2397 ex
1309 2359 1394 2408 illa,
1427 2359 1461 2396 si
1483 2361 1588 2397 esset
1608 2359 1655 2397 ab
1677 2358 1761 2408 ipso

275 2430 438 2478 scripta,
470 2431 802 2479 consequeretur?
863 2429 899 2467 N
903 2429 987 2467 ihil.
1050 2429 1138 2467 Solo
1160 2429 1374 2479 Apologiae
1396 2430 1552 2467 nomine
1575 2430 1761 2479 deceptus

275 2503 338 2538 est
375 2499 553 2544 criticus,
601 2500 795 2550 siquidem
833 2500 896 2538 vel
934 2500 1059 2549 prima
1098 2500 1183 2538 eius
1221 2500 1464 2550 paragrapho
1501 2500 1678 2549 inspecta
1713 2511 1762 2537 ne

274 2570 377 2608 velle
417 2570 576 2620 quidem
622 2571 849 2619 cognoveris
892 2574 1090 2608 auctorem
1129 2570 1299 2609 Socratis
1338 2564 1579 2622 ἀπολογίαν
1616 2564 1677 2616 εἷς
1712 2565 1761 2607 τὸ

276 2643 347 2678 νῦν
379 2653 425 2679 τε
457 2636 531 2678 καὶ
555 2634 615 2687 εἷς
646 2638 694 2679 τὸ
718 2635 875 2679 ἔπειτα
898 2641 1085 2689 scribere,
1118 2653 1196 2679 non
1229 2635 1428 2693 ἀσεβείας
1459 2644 1499 2679 et
1530 2635 1634 2679 νέων
1665 2636 1761 2678 δια-

276 2710 452 2764 φθορᾶς
488 2711 777 2749 accusationem
822 2712 890 2750 sed
930 2707 1172 2766 ἀφροσύνης
1203 2711 1468 2761 suspicionem
1505 2714 1762 2760 purgaturum

277 2793 383 2830 esse,
416 2794 494 2819 non
526 2782 630 2820 vitae
661 2782 832 2820 Socratis
865 2782 1134 2820 defensionem
1167 2783 1236 2820 sed
1268 2781 1508 2820 defensionis
1539 2782 1665 2831 ipsius
1695 2791 1761 2830 pa-

276 2852 484 2890 trocinium
523 2864 613 2890 eum
653 2853 870 2903 suscipere,
915 2853 1048 2902 itaque
1093 2865 1183 2890 cum
1221 2852 1384 2890 consilio
1422 2853 1461 2890 in
1495 2851 1660 2901 epistola
1694 2849 1761 2887 illa

275 2921 426 2970 prolato
459 2922 619 2960 minime
651 2923 874 2972 discrepare
912 2923 1013 2961 hanc
1053 2921 1344 2972 „Apologiam“
1382 2922 1502 2961 facile
1537 2919 1759 2972 perspicias.
