<?xml version="1.0" encoding="UTF-8"?>
<!DOCTYPE html PUBLIC "-//W3C//DTD XHTML 1.0 Transitional//EN"
    "http://www.w3.org/TR/xhtml1/DTD/xhtml1-transitional.dtd">
<html xmlns="http://www.w3.org/1999/xhtml" xml:lang="en" lang="en">
 <head>
  <title>
</title>
<meta http-equiv="Content-Type" content="text/html;charset=utf-8" />
  <meta name='ocr-system' content='tesseract 3.04.00' />
  <meta name='ocr-capabilities' content='ocr_page ocr_carea ocr_par ocr_line ocrx_word'/>
</head>
<body>
  <div class='ocr_page' id='page_1' title='image "./xenophontisqvaef00fricuoft_0098.png"; bbox 0 0 1820 3340; ppageno 0'>
   <div class='ocr_carea' id='block_1_1' title="bbox 279 226 334 265">
    <p class='ocr_par' dir='ltr' id='par_1_1' title="bbox 279 226 334 265">
     <span class='ocr_line' id='line_1_1' title="bbox 279 226 334 265; baseline -0.018 0"><span class='ocrx_word' id='word_1_1' title='bbox 279 226 334 265; x_wconf 80' lang='lat'><em>94</em></span> 
     </span>
    </p>
   </div>
   <div class='ocr_carea' id='block_1_2' title="bbox 269 344 1769 2938">
    <p class='ocr_par' dir='ltr' id='par_1_2' title="bbox 276 344 1769 1741">
     <span class='ocr_line' id='line_1_2' title="bbox 277 344 1767 397; baseline 0.003 -16"><span class='ocrx_word' id='word_1_2' title='bbox 277 346 423 393; x_wconf 90' lang='lat' dir='ltr'><em>quanto</em></span> <span class='ocrx_word' id='word_1_3' title='bbox 461 344 616 393; x_wconf 71' lang='lat' dir='ltr'><em>lonqius</em></span> <span class='ocrx_word' id='word_1_4' title='bbox 654 344 699 381; x_wconf 87' lang='lat' dir='ltr'><em>ab</em></span> <span class='ocrx_word' id='word_1_5' title='bbox 737 344 898 382; x_wconf 79' lang='lat' dir='ltr'><em>illarum</em></span> <span class='ocrx_word' id='word_1_6' title='bbox 937 344 1097 394; x_wconf 86' lang='lat' dir='ltr'><em>ineptiis</em></span> <span class='ocrx_word' id='word_1_7' title='bbox 1134 344 1289 382; x_wconf 87' lang='lat' dir='ltr'><em>recedat.</em></span> <span class='ocrx_word' id='word_1_8' title='bbox 1352 345 1429 384; x_wconf 85' lang='lat' dir='ltr'><em>Nec</em></span> <span class='ocrx_word' id='word_1_9' title='bbox 1467 346 1684 397; x_wconf 76' lang='lat' dir='ltr'><em>quidquam</em></span> <span class='ocrx_word' id='word_1_10' title='bbox 1721 348 1767 386; x_wconf 83' lang='lat' dir='ltr'><em>in</em></span> 
     </span>
     <span class='ocr_line' id='line_1_3' title="bbox 277 414 1766 465; baseline 0.003 -14"><span class='ocrx_word' id='word_1_11' title='bbox 277 426 321 452; x_wconf 90' lang='lat' dir='ltr'><em>ea</em></span> <span class='ocrx_word' id='word_1_12' title='bbox 351 415 495 461; x_wconf 82' lang='lat' dir='ltr'><em>inesse,</em></span> <span class='ocrx_word' id='word_1_13' title='bbox 541 415 642 463; x_wconf 85' lang='lat' dir='ltr'><em>quod</em></span> <span class='ocrx_word' id='word_1_14' title='bbox 680 418 748 452; x_wconf 88' lang='lat' dir='ltr'><em>aut</em></span> <span class='ocrx_word' id='word_1_15' title='bbox 787 427 875 452; x_wconf 86' lang='lat' dir='ltr'><em>cum</em></span> <span class='ocrx_word' id='word_1_16' title='bbox 912 414 1083 453; x_wconf 83' lang='lat' dir='ltr'><em>Socratis</em></span> <span class='ocrx_word' id='word_1_17' title='bbox 1114 415 1429 464; x_wconf 79' lang='lat' dir='ltr'><em>Xenophontisve</em></span> <span class='ocrx_word' id='word_1_18' title='bbox 1459 418 1652 465; x_wconf 80' lang='lat' dir='ltr'><em>moribus,</em></span> <span class='ocrx_word' id='word_1_19' title='bbox 1698 423 1766 456; x_wconf 87' lang='lat' dir='ltr'><em>aut</em></span> 
     </span>
     <span class='ocr_line' id='line_1_4' title="bbox 276 485 1767 535; baseline 0.004 -14"><span class='ocrx_word' id='word_1_20' title='bbox 276 497 367 522; x_wconf 71' lang='lat' dir='ltr'><em>cum</em></span> <span class='ocrx_word' id='word_1_21' title='bbox 397 485 673 523; x_wconf 79' lang='lat' dir='ltr'><em>consuetudine</em></span> <span class='ocrx_word' id='word_1_22' title='bbox 694 485 924 533; x_wconf 77' lang='lat' dir='ltr'><em>iudiciaria,</em></span> <span class='ocrx_word' id='word_1_23' title='bbox 957 489 1025 523; x_wconf 90' lang='lat' dir='ltr'><em>aut</em></span> <span class='ocrx_word' id='word_1_24' title='bbox 1046 498 1137 523; x_wconf 76' lang='lat' dir='ltr'><em>cum</em></span> <span class='ocrx_word' id='word_1_25' title='bbox 1158 490 1376 535; x_wconf 88' lang='lat' dir='ltr'><em>temporum</em></span> <span class='ocrx_word' id='word_1_26' title='bbox 1396 487 1555 526; x_wconf 86' lang='lat' dir='ltr'><em>illorum</em></span> <span class='ocrx_word' id='word_1_27' title='bbox 1578 489 1767 527; x_wconf 89' lang='lat' dir='ltr'><em>memoria</em></span> 
     </span>
     <span class='ocr_line' id='line_1_5' title="bbox 277 556 1766 606; baseline 0.003 -14"><span class='ocrx_word' id='word_1_28' title='bbox 277 559 312 593; x_wconf 92' lang='lat' dir='ltr'><em>et</em></span> <span class='ocrx_word' id='word_1_29' title='bbox 342 556 492 593; x_wconf 87' lang='lat' dir='ltr'><em>ratione</em></span> <span class='ocrx_word' id='word_1_30' title='bbox 522 556 751 603; x_wconf 49' lang='lat' dir='ltr'><em>dissentiaty·</em></span> <span class='ocrx_word' id='word_1_31' title='bbox 784 557 991 594; x_wconf 70' lang='lat' dir='ltr'><em>necessarii</em></span> <span class='ocrx_word' id='word_1_32' title='bbox 1018 557 1123 594; x_wconf 88' lang='lat' dir='ltr'><em>nihil</em></span> <span class='ocrx_word' id='word_1_33' title='bbox 1142 557 1375 605; x_wconf 85' lang='lat' dir='ltr'><em>desiderari;</em></span> <span class='ocrx_word' id='word_1_34' title='bbox 1406 563 1540 596; x_wconf 86' lang='lat' dir='ltr'><em>contra</em></span> <span class='ocrx_word' id='word_1_35' title='bbox 1572 559 1766 606; x_wconf 75' lang='lat' dir='ltr'><em>‘rhetoris‚</em></span> 
     </span>
     <span class='ocr_line' id='line_1_6' title="bbox 276 625 1766 679; baseline 0.003 -16"><span class='ocrx_word' id='word_1_36' title='bbox 276 625 422 675; x_wconf 86' lang='lat' dir='ltr'><em>inquit,</em></span> <span class='ocrx_word' id='word_1_37' title='bbox 454 626 492 663; x_wconf 87' lang='lat' dir='ltr'><em>si</em></span> <span class='ocrx_word' id='word_1_38' title='bbox 522 626 650 675; x_wconf 81' lang='lat' dir='ltr'><em>foetus</em></span> <span class='ocrx_word' id='word_1_39' title='bbox 681 631 775 664; x_wconf 89' lang='lat' dir='ltr'><em>esset</em></span> <span class='ocrx_word' id='word_1_40' title='bbox 808 639 852 664; x_wconf 66' lang='lat' dir='ltr'><em>eae</em></span> <span class='ocrx_word' id='word_1_41' title='bbox 874 639 1009 665; x_wconf 89' lang='lat' dir='ltr'><em>eorum</em></span> <span class='ocrx_word' id='word_1_42' title='bbox 1029 628 1196 676; x_wconf 86' lang='lat' dir='ltr'><em>fortasse</em></span> <span class='ocrx_word' id='word_1_43' title='bbox 1217 640 1401 676; x_wconf 80' lang='lat' dir='ltr'><em>numero,</em></span> <span class='ocrx_word' id='word_1_44' title='bbox 1435 641 1532 678; x_wconf 88' lang='lat' dir='ltr'><em>quos</em></span> <span class='ocrx_word' id='word_1_45' title='bbox 1549 634 1639 679; x_wconf 88' lang='lat' dir='ltr'><em>post</em></span> <span class='ocrx_word' id='word_1_46' title='bbox 1663 643 1766 669; x_wconf 86' lang='lat' dir='ltr'><em>mor-</em></span> 
     </span>
     <span class='ocr_line' id='line_1_7' title="bbox 277 696 1767 750; baseline 0.004 -17"><span class='ocrx_word' id='word_1_47' title='bbox 277 700 354 734; x_wconf 87' lang='lat' dir='ltr'><em>tem</em></span> <span class='ocrx_word' id='word_1_48' title='bbox 389 696 560 734; x_wconf 86' lang='lat' dir='ltr'><em>Socratis</em></span> <span class='ocrx_word' id='word_1_49' title='bbox 591 700 739 735; x_wconf 89' lang='lat' dir='ltr'><em>constat</em></span> <span class='ocrx_word' id='word_1_50' title='bbox 776 698 833 735; x_wconf 81' lang='lat' dir='ltr'><em>vel</em></span> <span class='ocrx_word' id='word_1_51' title='bbox 863 698 1080 736; x_wconf 83' lang='lat' dir='ltr'><em>accusando</em></span> <span class='ocrx_word' id='word_1_52' title='bbox 1118 710 1159 736; x_wconf 91' lang='lat' dir='ltr'><em>eo</em></span> <span class='ocrx_word' id='word_1_53' title='bbox 1196 698 1254 736; x_wconf 84' lang='lat' dir='ltr'><em>vel</em></span> <span class='ocrx_word' id='word_1_54' title='bbox 1290 699 1526 748; x_wconf 87' lang='lat' dir='ltr'><em>defendendo</em></span> <span class='ocrx_word' id='word_1_55' title='bbox 1561 701 1767 750; x_wconf 81' lang='lat' dir='ltr'><em>qloriolam</em></span> 
     </span>
     <span class='ocr_line' id='line_1_8' title="bbox 277 768 1766 821; baseline 0.004 -17"><span class='ocrx_word' id='word_1_56' title='bbox 277 771 436 805; x_wconf 79' lang='lat' dir='ltr'><em>sectatos</em></span> <span class='ocrx_word' id='word_1_57' title='bbox 467 780 564 814; x_wconf 86' lang='grc'><em>6336,</em></span> <span class='ocrx_word' id='word_1_58' title='bbox 598 780 718 816; x_wconf 90' lang='lat' dir='ltr'><em>quam</em></span> <span class='ocrx_word' id='word_1_59' title='bbox 750 768 944 806; x_wconf 78' lang='lat' dir='ltr'><em>diversam</em></span> <span class='ocrx_word' id='word_1_60' title='bbox 981 769 1091 807; x_wconf 85' lang='lat' dir='ltr'><em>hodie</em></span> <span class='ocrx_word' id='word_1_61' title='bbox 1121 769 1312 818; x_wconf 83' lang='lat' dir='ltr'><em>Apoloqia</em></span> <span class='ocrx_word' id='word_1_62' title='bbox 1341 782 1440 819; x_wconf 88' lang='lat' dir='ltr'><em>prae</em></span> <span class='ocrx_word' id='word_1_63' title='bbox 1470 784 1509 809; x_wconf 91' lang='lat' dir='ltr'><em>se</em></span> <span class='ocrx_word' id='word_1_64' title='bbox 1539 771 1654 821; x_wconf 88' lang='lat' dir='ltr'><em>ferret</em></span> <span class='ocrx_word' id='word_1_65' title='bbox 1687 775 1766 810; x_wconf 88' lang='lat' dir='ltr'><em>tam</em></span> 
     </span>
     <span class='ocr_line' id='line_1_9' title="bbox 276 839 1768 889; baseline 0.005 -15"><span class='ocrx_word' id='word_1_66' title='bbox 276 850 410 875; x_wconf 87' lang='lat' dir='ltr'><em>rerum</em></span> <span class='ocrx_word' id='word_1_67' title='bbox 442 850 559 887; x_wconf 87' lang='lat' dir='ltr'><em>quam</em></span> <span class='ocrx_word' id='word_1_68' title='bbox 597 839 800 876; x_wconf 80' lang='lat' dir='ltr'><em>verborum</em></span> <span class='ocrx_word' id='word_1_69' title='bbox 837 839 1020 888; x_wconf 77' lang='lat' dir='ltr'><em>speciem,</em></span> <span class='ocrx_word' id='word_1_70' title='bbox 1067 852 1186 888; x_wconf 85' lang='lat' dir='ltr'><em>quam</em></span> <span class='ocrx_word' id='word_1_71' title='bbox 1229 841 1402 889; x_wconf 85' lang='lat' dir='ltr'><em>amplam</em></span> <span class='ocrx_word' id='word_1_72' title='bbox 1443 841 1613 880; x_wconf 82' lang='lat' dir='ltr'><em>Socratis</em></span> <span class='ocrx_word' id='word_1_73' title='bbox 1649 855 1768 881; x_wconf 87' lang='lat' dir='ltr'><em>causa</em></span> 
     </span>
     <span class='ocr_line' id='line_1_10' title="bbox 276 908 1766 960; baseline 0.004 -15"><span class='ocrx_word' id='word_1_74' title='bbox 276 908 492 946; x_wconf 82' lang='lat' dir='ltr'><em>rhetoribus</em></span> <span class='ocrx_word' id='word_1_75' title='bbox 516 909 757 958; x_wconf 72' lang='lat' dir='ltr'><em>palaestram</em></span> <span class='ocrx_word' id='word_1_76' title='bbox 788 910 1022 959; x_wconf 72' lang='lat' dir='ltr'><em>aperuisset,</em></span> <span class='ocrx_word' id='word_1_77' title='bbox 1055 910 1101 948; x_wconf 88' lang='lat' dir='ltr'><em>in</em></span> <span class='ocrx_word' id='word_1_78' title='bbox 1132 923 1209 960; x_wconf 83' lang='lat' dir='ltr'><em>qua</em></span> <span class='ocrx_word' id='word_1_79' title='bbox 1240 911 1455 960; x_wconf 70' lang='lat' dir='ltr'><em>eloquentia</em></span> <span class='ocrx_word' id='word_1_80' title='bbox 1486 925 1619 950; x_wconf 86' lang='lat' dir='ltr'><em>corum</em></span> <span class='ocrx_word' id='word_1_81' title='bbox 1641 914 1766 951; x_wconf 74' lang='lat' dir='ltr'><em>eoesul-</em></span> 
     </span>
     <span class='ocr_line' id='line_1_11' title="bbox 278 980 1768 1029; baseline 0.004 -13"><span class='ocrx_word' id='word_1_82' title='bbox 278 982 358 1016; x_wconf 90' lang='lat' dir='ltr'><em>tare</em></span> <span class='ocrx_word' id='word_1_83' title='bbox 388 983 422 1016; x_wconf 88' lang='lat' dir='ltr'><em>et</em></span> <span class='ocrx_word' id='word_1_84' title='bbox 453 980 615 1017; x_wconf 69' lang='lat' dir='ltr'><em>exerceri</em></span> <span class='ocrx_word' id='word_1_85' title='bbox 638 980 851 1029; x_wconf 81' lang='lat' dir='ltr'><em>potuisset7</em></span> <span class='ocrx_word' id='word_1_86' title='bbox 896 981 1037 1019; x_wconf 88' lang='lat' dir='ltr'><em>scilieet</em></span> <span class='ocrx_word' id='word_1_87' title='bbox 1075 994 1156 1019; x_wconf 88' lang='lat' dir='ltr'><em>non</em></span> <span class='ocrx_word' id='word_1_88' title='bbox 1192 981 1330 1019; x_wconf 81' lang='lat' dir='ltr'><em>minus</em></span> <span class='ocrx_word' id='word_1_89' title='bbox 1368 994 1391 1020; x_wconf 92' lang='lat' dir='ltr'><em>a</em></span> <span class='ocrx_word' id='word_1_90' title='bbox 1431 983 1602 1021; x_wconf 81' lang='lat' dir='ltr'><em>veritatis</em></span> <span class='ocrx_word' id='word_1_91' title='bbox 1637 984 1768 1022; x_wconf 85' lang='lat' dir='ltr'><em>studio</em></span> 
     </span>
     <span class='ocr_line' id='line_1_12' title="bbox 277 1049 1766 1102; baseline 0.005 -16"><span class='ocrx_word' id='word_1_92' title='bbox 277 1049 421 1096; x_wconf 83' lang='lat' dir='ltr'><em>aliena,</em></span> <span class='ocrx_word' id='word_1_93' title='bbox 456 1062 575 1099; x_wconf 85' lang='lat' dir='ltr'><em>quam</em></span> <span class='ocrx_word' id='word_1_94' title='bbox 606 1063 630 1088; x_wconf 86' lang='lat' dir='ltr'><em>a</em></span> <span class='ocrx_word' id='word_1_95' title='bbox 661 1052 793 1089; x_wconf 77' lang='lat' dir='ltr'><em>natiro</em></span> <span class='ocrx_word' id='word_1_96' title='bbox 826 1052 994 1101; x_wconf 86' lang='lat' dir='ltr'><em>quodam</em></span> <span class='ocrx_word' id='word_1_97' title='bbox 1025 1052 1241 1090; x_wconf 64' lang='lat' dir='ltr'><em>venustatis</em></span> <span class='ocrx_word' id='word_1_98' title='bbox 1277 1056 1311 1090; x_wconf 89' lang='lat' dir='ltr'><em>et</em></span> <span class='ocrx_word' id='word_1_99' title='bbox 1341 1053 1605 1102; x_wconf 88' lang='lat' dir='ltr'><em>simplicitatis</em></span> <span class='ocrx_word' id='word_1_100' title='bbox 1635 1055 1766 1101; x_wconf 70' lang='lat' dir='ltr'><em>colore,</em></span> 
     </span>
     <span class='ocr_line' id='line_1_13' title="bbox 279 1120 1767 1174; baseline 0.004 -17"><span class='ocrx_word' id='word_1_101' title='bbox 279 1120 462 1158; x_wconf 86' lang='lat' dir='ltr'><em>omnibus</em></span> <span class='ocrx_word' id='word_1_102' title='bbox 493 1121 786 1170; x_wconf 75' lang='lat' dir='ltr'><em>Xenophontois</em></span> <span class='ocrx_word' id='word_1_103' title='bbox 818 1123 997 1171; x_wconf 74' lang='lat' dir='ltr'><em>operibus</em></span> <span class='ocrx_word' id='word_1_104' title='bbox 1029 1135 1111 1160; x_wconf 91' lang='lat' dir='ltr'><em>non</em></span> <span class='ocrx_word' id='word_1_105' title='bbox 1148 1126 1228 1161; x_wconf 87' lang='lat' dir='ltr'><em>arte</em></span> <span class='ocrx_word' id='word_1_106' title='bbox 1265 1123 1332 1161; x_wconf 88' lang='lat' dir='ltr'><em>sed</em></span> <span class='ocrx_word' id='word_1_107' title='bbox 1368 1127 1512 1162; x_wconf 89' lang='lat' dir='ltr'><em>natura</em></span> <span class='ocrx_word' id='word_1_108' title='bbox 1554 1125 1767 1174; x_wconf 80' lang='lat' dir='ltr'><em>impresso!</em></span> 
     </span>
     <span class='ocr_line' id='line_1_14' title="bbox 284 1191 1766 1245; baseline 0.004 -17"><span class='ocrx_word' id='word_1_109' title='bbox 284 1191 395 1235; x_wconf 78' lang='lat' dir='ltr'><em>Quod</em></span> <span class='ocrx_word' id='word_1_110' title='bbox 424 1192 462 1229; x_wconf 87' lang='lat' dir='ltr'><em>si</em></span> <span class='ocrx_word' id='word_1_111' title='bbox 492 1192 589 1240; x_wconf 84' lang='lat' dir='ltr'><em>quid</em></span> <span class='ocrx_word' id='word_1_112' title='bbox 619 1196 694 1240; x_wconf 70' lang='lat' dir='ltr'><em>est,</em></span> <span class='ocrx_word' id='word_1_113' title='bbox 728 1193 831 1242; x_wconf 87' lang='lat' dir='ltr'><em>quod</em></span> <span class='ocrx_word' id='word_1_114' title='bbox 859 1193 905 1230; x_wconf 86' lang='lat' dir='ltr'><em>in</em></span> <span class='ocrx_word' id='word_1_115' title='bbox 936 1193 1005 1231; x_wconf 83' lang='lat' dir='ltr'><em>hoe</em></span> <span class='ocrx_word' id='word_1_116' title='bbox 1037 1193 1158 1231; x_wconf 85' lang='lat' dir='ltr'><em>libello</em></span> <span class='ocrx_word' id='word_1_117' title='bbox 1184 1194 1455 1243; x_wconf 75' lang='lat' dir='ltr'><em>interpretibus</em></span> <span class='ocrx_word' id='word_1_118' title='bbox 1475 1195 1614 1244; x_wconf 86' lang='lat' dir='ltr'><em>fraudi</em></span> <span class='ocrx_word' id='word_1_119' title='bbox 1633 1196 1766 1245; x_wconf 73' lang='lat' dir='ltr'><em>fuerit,</em></span> 
     </span>
     <span class='ocr_line' id='line_1_15' title="bbox 276 1262 1768 1312; baseline 0.003 -13"><span class='ocrx_word' id='word_1_120' title='bbox 276 1265 321 1299; x_wconf 89' lang='lat' dir='ltr'><em>ut</em></span> <span class='ocrx_word' id='word_1_121' title='bbox 358 1262 685 1311; x_wconf 83' lang='lat' dir='ltr'><em>Xenophonteum</em></span> <span class='ocrx_word' id='word_1_122' title='bbox 722 1276 802 1301; x_wconf 86' lang='grc'><em>6336</em></span> <span class='ocrx_word' id='word_1_123' title='bbox 840 1267 1042 1312; x_wconf 71' lang='lat' dir='ltr'><em>neqarcnt,</em></span> <span class='ocrx_word' id='word_1_124' title='bbox 1089 1265 1175 1302; x_wconf 88' lang='lat' dir='ltr'><em>eius</em></span> <span class='ocrx_word' id='word_1_125' title='bbox 1217 1265 1275 1302; x_wconf 86' lang='lat' dir='ltr'><em>rei</em></span> <span class='ocrx_word' id='word_1_126' title='bbox 1317 1277 1437 1303; x_wconf 90' lang='lat' dir='ltr'><em>causa</em></span> <span class='ocrx_word' id='word_1_127' title='bbox 1479 1278 1561 1304; x_wconf 89' lang='lat' dir='ltr'><em>non</em></span> <span class='ocrx_word' id='word_1_128' title='bbox 1605 1270 1687 1304; x_wconf 92' lang='lat' dir='ltr'><em>tam</em></span> <span class='ocrx_word' id='word_1_129' title='bbox 1724 1267 1768 1304; x_wconf 85' lang='lat' dir='ltr'><em>in</em></span> 
     </span>
     <span class='ocr_line' id='line_1_16' title="bbox 277 1332 1767 1385; baseline 0.005 -16"><span class='ocrx_word' id='word_1_130' title='bbox 277 1332 400 1370; x_wconf 72' lang='lat' dir='ltr'><em>huius</em></span> <span class='ocrx_word' id='word_1_131' title='bbox 430 1333 655 1382; x_wconf 72' lang='lat' dir='ltr'><em>scriptionis</em></span> <span class='ocrx_word' id='word_1_132' title='bbox 679 1335 931 1382; x_wconf 84' lang='lat' dir='ltr'><em>perversitate</em></span> <span class='ocrx_word' id='word_1_133' title='bbox 962 1338 996 1372; x_wconf 90' lang='lat' dir='ltr'><em>et</em></span> <span class='ocrx_word' id='word_1_134' title='bbox 1026 1335 1228 1384; x_wconf 72' lang='lat' dir='ltr'><em>inficetiis,</em></span> <span class='ocrx_word' id='word_1_135' title='bbox 1268 1348 1388 1385; x_wconf 87' lang='lat' dir='ltr'><em>quam</em></span> <span class='ocrx_word' id='word_1_136' title='bbox 1420 1337 1464 1374; x_wconf 89' lang='lat' dir='ltr'><em>in</em></span> <span class='ocrx_word' id='word_1_137' title='bbox 1487 1337 1645 1385; x_wconf 68' lang='lat' dir='ltr'><em>prolixa</em></span> <span class='ocrx_word' id='word_1_138' title='bbox 1676 1337 1767 1375; x_wconf 90' lang='lat' dir='ltr'><em>Pla-</em></span> 
     </span>
     <span class='ocr_line' id='line_1_17' title="bbox 279 1403 1769 1456; baseline 0.004 -16"><span class='ocrx_word' id='word_1_139' title='bbox 279 1403 425 1441; x_wconf 82' lang='lat' dir='ltr'><em>tonicae</em></span> <span class='ocrx_word' id='word_1_140' title='bbox 462 1404 674 1453; x_wconf 80' lang='lat' dir='ltr'><em>Apoloqiae</em></span> <span class='ocrx_word' id='word_1_141' title='bbox 710 1405 819 1453; x_wconf 84' lang='lat' dir='ltr'><em>copia</em></span> <span class='ocrx_word' id='word_1_142' title='bbox 856 1405 1145 1455; x_wconf 86' lang='lat' dir='ltr'><em>splendidisque</em></span> <span class='ocrx_word' id='word_1_143' title='bbox 1181 1406 1391 1444; x_wconf 80' lang='lat' dir='ltr'><em>virtutibus</em></span> <span class='ocrx_word' id='word_1_144' title='bbox 1429 1408 1648 1456; x_wconf 88' lang='lat' dir='ltr'><em>quaerenda</em></span> <span class='ocrx_word' id='word_1_145' title='bbox 1690 1421 1769 1446; x_wconf 86' lang='lat' dir='ltr'><em>esse</em></span> 
     </span>
     <span class='ocr_line' id='line_1_18' title="bbox 278 1473 1769 1528; baseline 0.005 -18"><span class='ocrx_word' id='word_1_146' title='bbox 278 1473 441 1521; x_wconf 72' lang='lat' dir='ltr'><em>videtur,</em></span> <span class='ocrx_word' id='word_1_147' title='bbox 475 1487 572 1523; x_wconf 84' lang='lat' dir='ltr'><em>quae</em></span> <span class='ocrx_word' id='word_1_148' title='bbox 604 1479 732 1513; x_wconf 88' lang='lat' dir='ltr'><em>tantae</em></span> <span class='ocrx_word' id='word_1_149' title='bbox 763 1479 875 1523; x_wconf 69' lang='lat' dir='ltr'><em>sunt,</em></span> <span class='ocrx_word' id='word_1_150' title='bbox 914 1480 959 1513; x_wconf 85' lang='lat' dir='ltr'><em>ut</em></span> <span class='ocrx_word' id='word_1_151' title='bbox 990 1476 1097 1514; x_wconf 85' lang='lat' dir='ltr'><em>haud</em></span> <span class='ocrx_word' id='word_1_152' title='bbox 1126 1477 1248 1514; x_wconf 84' lang='lat' dir='ltr'><em>sciam</em></span> <span class='ocrx_word' id='word_1_153' title='bbox 1285 1489 1339 1515; x_wconf 90' lang='lat' dir='ltr'><em>an</em></span> <span class='ocrx_word' id='word_1_154' title='bbox 1376 1490 1466 1516; x_wconf 84' lang='lat' dir='ltr'><em>eum</em></span> <span class='ocrx_word' id='word_1_155' title='bbox 1496 1479 1769 1528; x_wconf 81' lang='lat' dir='ltr'><em>Xenophontis</em></span> 
     </span>
     <span class='ocr_line' id='line_1_19' title="bbox 278 1544 1765 1598; baseline 0.004 -16"><span class='ocrx_word' id='word_1_156' title='bbox 278 1544 455 1582; x_wconf 83' lang='lat' dir='ltr'><em>brevitate</em></span> <span class='ocrx_word' id='word_1_157' title='bbox 498 1558 580 1583; x_wconf 89' lang='lat' dir='ltr'><em>non</em></span> <span class='ocrx_word' id='word_1_158' title='bbox 617 1546 814 1584; x_wconf 84' lang='lat' dir='ltr'><em>commode</em></span> <span class='ocrx_word' id='word_1_159' title='bbox 845 1547 1022 1585; x_wconf 82' lang='lat' dir='ltr'><em>contendi</em></span> <span class='ocrx_word' id='word_1_160' title='bbox 1051 1548 1227 1597; x_wconf 83' lang='lat' dir='ltr'><em>possint,</em></span> <span class='ocrx_word' id='word_1_161' title='bbox 1273 1560 1394 1598; x_wconf 92' lang='lat' dir='ltr'><em>neque</em></span> <span class='ocrx_word' id='word_1_162' title='bbox 1424 1549 1593 1587; x_wconf 86' lang='lat' dir='ltr'><em>maiores</em></span> <span class='ocrx_word' id='word_1_163' title='bbox 1625 1553 1765 1597; x_wconf 65' lang='lat' dir='ltr'><em>tamen,</em></span> 
     </span>
     <span class='ocr_line' id='line_1_20' title="bbox 277 1616 1767 1669; baseline 0.004 -17"><span class='ocrx_word' id='word_1_164' title='bbox 277 1627 396 1664; x_wconf 88' lang='lat' dir='ltr'><em>quam</em></span> <span class='ocrx_word' id='word_1_165' title='bbox 428 1616 632 1665; x_wconf 85' lang='lat' dir='ltr'><em>utriusque</em></span> <span class='ocrx_word' id='word_1_166' title='bbox 656 1617 884 1666; x_wconf 78' lang='lat' dir='ltr'><em>philosophi</em></span> <span class='ocrx_word' id='word_1_167' title='bbox 914 1618 971 1655; x_wconf 78' lang='lat' dir='ltr'><em>vel</em></span> <span class='ocrx_word' id='word_1_168' title='bbox 1002 1618 1089 1655; x_wconf 80' lang='lat' dir='ltr'><em>tulit</em></span> <span class='ocrx_word' id='word_1_169' title='bbox 1120 1619 1322 1667; x_wconf 76' lang='lat' dir='ltr'><em>inqenium</em></span> <span class='ocrx_word' id='word_1_170' title='bbox 1362 1619 1419 1657; x_wconf 79' lang='lat' dir='ltr'><em>vel</em></span> <span class='ocrx_word' id='word_1_171' title='bbox 1455 1619 1653 1658; x_wconf 81' lang='lat' dir='ltr'><em>diversum</em></span> <span class='ocrx_word' id='word_1_172' title='bbox 1687 1621 1767 1669; x_wconf 84' lang='lat' dir='ltr'><em>fuit</em></span> 
     </span>
     <span class='ocr_line' id='line_1_21' title="bbox 276 1686 1613 1741; baseline 0.004 -17"><span class='ocrx_word' id='word_1_173' title='bbox 276 1686 505 1734; x_wconf 72' lang='lat' dir='ltr'><em>consilium,</em></span> <span class='ocrx_word' id='word_1_174' title='bbox 540 1688 642 1736; x_wconf 87' lang='lat' dir='ltr'><em>quod</em></span> <span class='ocrx_word' id='word_1_175' title='bbox 672 1700 734 1725; x_wconf 93' lang='lat' dir='ltr'><em>eos</em></span> <span class='ocrx_word' id='word_1_176' title='bbox 766 1688 817 1725; x_wconf 89' lang='lat' dir='ltr'><em>ad</em></span> <span class='ocrx_word' id='word_1_177' title='bbox 846 1688 1093 1726; x_wconf 82' lang='lat' dir='ltr'><em>scribendum</em></span> <span class='ocrx_word' id='word_1_178' title='bbox 1125 1689 1302 1738; x_wconf 87' lang='lat' dir='ltr'><em>impulit’</em></span> <span class='ocrx_word' id='word_1_179' title='bbox 1335 1688 1387 1741; x_wconf 88' lang='lat' dir='ltr'><em>(p.</em></span> <span class='ocrx_word' id='word_1_180' title='bbox 1414 1690 1613 1741; x_wconf 80' lang='lat'>17—18).</span> 
     </span>
    </p>

    <p class='ocr_par' dir='ltr' id='par_1_3' title="bbox 276 1757 1768 2164">
     <span class='ocr_line' id='line_1_22' title="bbox 398 1757 1768 1811; baseline 0.003 -16"><span class='ocrx_word' id='word_1_181' title='bbox 398 1757 499 1795; x_wconf 83' lang='lat' dir='ltr'><em>Seot.</em></span> <span class='ocrx_word' id='word_1_182' title='bbox 526 1759 548 1796; x_wconf 84' lang='grc'><em>6</em></span> <span class='ocrx_word' id='word_1_183' title='bbox 586 1758 807 1796; x_wconf 76' lang='lat' dir='ltr'><em>Sehneideri</em></span> <span class='ocrx_word' id='word_1_184' title='bbox 839 1759 1080 1807; x_wconf 83' lang='lat' dir='ltr'><em>offensiones</em></span> <span class='ocrx_word' id='word_1_185' title='bbox 1117 1761 1438 1798; x_wconf 77' lang='lat' dir='ltr'><em>annotationibus</em></span> <span class='ocrx_word' id='word_1_186' title='bbox 1475 1761 1562 1798; x_wconf 84' lang='lat' dir='ltr'><em>suis</em></span> <span class='ocrx_word' id='word_1_187' title='bbox 1599 1761 1768 1811; x_wconf 72' lang='lat' dir='ltr'><em>expediri</em></span> 
     </span>
     <span class='ocr_line' id='line_1_23' title="bbox 278 1829 1767 1881; baseline 0.003 -16"><span class='ocrx_word' id='word_1_188' title='bbox 278 1831 426 1877; x_wconf 80' lang='lat' dir='ltr'><em>monet3</em></span> <span class='ocrx_word' id='word_1_189' title='bbox 459 1832 623 1866; x_wconf 80' lang='lat' dir='ltr'><em>ceterum</em></span> <span class='ocrx_word' id='word_1_190' title='bbox 656 1829 758 1878; x_wconf 90' lang='lat' dir='ltr'><em>quod</em></span> <span class='ocrx_word' id='word_1_191' title='bbox 787 1830 957 1879; x_wconf 85' lang='lat' dir='ltr'><em>reliquae</em></span> <span class='ocrx_word' id='word_1_192' title='bbox 988 1830 1176 1879; x_wconf 80' lang='lat' dir='ltr'><em>quaedam</em></span> <span class='ocrx_word' id='word_1_193' title='bbox 1208 1831 1289 1868; x_wconf 87' lang='lat' dir='ltr'><em>sint</em></span> <span class='ocrx_word' id='word_1_194' title='bbox 1319 1831 1653 1881; x_wconf 86' lang='lat' dir='ltr'><em>interpretationis</em></span> <span class='ocrx_word' id='word_1_195' title='bbox 1683 1844 1767 1870; x_wconf 90' lang='lat' dir='ltr'><em>am-</em></span> 
     </span>
     <span class='ocr_line' id='line_1_24' title="bbox 276 1898 1767 1952; baseline 0.003 -17"><span class='ocrx_word' id='word_1_196' title='bbox 276 1898 414 1947; x_wconf 76' lang='lat' dir='ltr'><em>biquae</em></span> <span class='ocrx_word' id='word_1_197' title='bbox 443 1911 505 1936; x_wconf 91' lang='lat' dir='ltr'><em>res</em></span> <span class='ocrx_word' id='word_1_198' title='bbox 528 1899 814 1948; x_wconf 73' lang='lat' dir='ltr'><em>paucissimae,</em></span> <span class='ocrx_word' id='word_1_199' title='bbox 860 1900 1017 1938; x_wconf 87' lang='lat' dir='ltr'><em>nullum</em></span> <span class='ocrx_word' id='word_1_200' title='bbox 1055 1913 1135 1939; x_wconf 89' lang='lat' dir='ltr'><em>esse</em></span> <span class='ocrx_word' id='word_1_201' title='bbox 1172 1904 1342 1939; x_wconf 78' lang='lat' dir='ltr'><em>veterum</em></span> <span class='ocrx_word' id='word_1_202' title='bbox 1372 1902 1624 1951; x_wconf 76' lang='lat' dir='ltr'><em>scriptorum,</em></span> <span class='ocrx_word' id='word_1_203' title='bbox 1670 1903 1767 1952; x_wconf 89' lang='lat' dir='ltr'><em>quin</em></span> 
     </span>
     <span class='ocr_line' id='line_1_25' title="bbox 276 1969 1766 2021; baseline 0.003 -15"><span class='ocrx_word' id='word_1_204' title='bbox 276 1972 346 2006; x_wconf 83' lang='lat' dir='ltr'><em>aut</em></span> <span class='ocrx_word' id='word_1_205' title='bbox 383 1969 539 2007; x_wconf 86' lang='lat' dir='ltr'><em>totidem</em></span> <span class='ocrx_word' id='word_1_206' title='bbox 582 1974 651 2007; x_wconf 85' lang='lat' dir='ltr'><em>aut</em></span> <span class='ocrx_word' id='word_1_207' title='bbox 686 1971 823 2019; x_wconf 88' lang='lat' dir='ltr'><em>plures</em></span> <span class='ocrx_word' id='word_1_208' title='bbox 859 1971 1041 2020; x_wconf 89' lang='lat' dir='ltr'><em>praebeat</em></span> <span class='ocrx_word' id='word_1_209' title='bbox 1078 1971 1351 2021; x_wconf 74' lang='lat' dir='ltr'><em>difficultates,-</em></span> <span class='ocrx_word' id='word_1_210' title='bbox 1397 1985 1464 2010; x_wconf 88' lang='lat' dir='ltr'><em>nec</em></span> <span class='ocrx_word' id='word_1_211' title='bbox 1508 1972 1652 2010; x_wconf 87' lang='lat' dir='ltr'><em>librum</em></span> <span class='ocrx_word' id='word_1_212' title='bbox 1689 1986 1766 2012; x_wconf 86' lang='lat' dir='ltr'><em>esse</em></span> 
     </span>
     <span class='ocr_line' id='line_1_26' title="bbox 276 2037 1765 2097; baseline 0.003 -20"><span class='ocrx_word' id='word_1_213' title='bbox 276 2041 404 2078; x_wconf 88' lang='lat' dir='ltr'><em>ullum</em></span> <span class='ocrx_word' id='word_1_214' title='bbox 436 2041 649 2090; x_wconf 84' lang='lat' dir='ltr'><em>antiquum</em></span> <span class='ocrx_word' id='word_1_215' title='bbox 681 2042 861 2091; x_wconf 83' lang='lat' dir='ltr'><em>quamvis</em></span> <span class='ocrx_word' id='word_1_216' title='bbox 884 2054 1074 2091; x_wconf 80' lang='lat' dir='ltr'><em>parvum,</em></span> <span class='ocrx_word' id='word_1_217' title='bbox 1117 2043 1186 2091; x_wconf 79' lang='lat' dir='ltr'><em>qui</em></span> <span class='ocrx_word' id='word_1_218' title='bbox 1216 2043 1410 2081; x_wconf 75' lang='lat' dir='ltr'><em>vocabulis</em></span> <span class='ocrx_word' id='word_1_219' title='bbox 1442 2039 1566 2090; x_wconf 72' lang='grc' dir='ltr'><em>ἅπαξ</em></span> <span class='ocrx_word' id='word_1_220' title='bbox 1595 2037 1765 2097; x_wconf 78' lang='grc' dir='ltr'><strong><em>εἰρημέ-</em></strong></span> 
     </span>
     <span class='ocr_line' id='line_1_27' title="bbox 279 2112 1647 2164; baseline 0.002 -15"><span class='ocrx_word' id='word_1_221' title='bbox 279 2123 368 2158; x_wconf 81' lang='grc' dir='ltr'><em>νοις</em></span> <span class='ocrx_word' id='word_1_222' title='bbox 397 2112 690 2161; x_wconf 82' lang='lat' dir='ltr'><em>rarioribusque</em></span> <span class='ocrx_word' id='word_1_223' title='bbox 721 2112 981 2151; x_wconf 81' lang='lat' dir='ltr'><em>locutionibus</em></span> <span class='ocrx_word' id='word_1_224' title='bbox 1012 2113 1176 2151; x_wconf 85' lang='lat' dir='ltr'><em>omnino</em></span> <span class='ocrx_word' id='word_1_225' title='bbox 1207 2117 1333 2151; x_wconf 83' lang='lat' dir='ltr'><em>eareat</em></span> <span class='ocrx_word' id='word_1_226' title='bbox 1364 2114 1416 2163; x_wconf 89' lang='lat' dir='ltr'><em>(p.</em></span> <span class='ocrx_word' id='word_1_227' title='bbox 1443 2112 1647 2164; x_wconf 79' lang='lat'>18—19).</span> 
     </span>
    </p>

    <p class='ocr_par' dir='ltr' id='par_1_4' title="bbox 269 2182 1767 2938">
     <span class='ocr_line' id='line_1_28' title="bbox 395 2182 1767 2234; baseline 0.002 -14"><span class='ocrx_word' id='word_1_228' title='bbox 395 2182 482 2220; x_wconf 85' lang='lat' dir='ltr'><em>Iam</em></span> <span class='ocrx_word' id='word_1_229' title='bbox 518 2183 565 2220; x_wconf 86' lang='lat' dir='ltr'><em>ab</em></span> <span class='ocrx_word' id='word_1_230' title='bbox 597 2183 671 2230; x_wconf 81' lang='lat' dir='ltr'><em>eis,</em></span> <span class='ocrx_word' id='word_1_231' title='bbox 716 2195 815 2233; x_wconf 86' lang='lat' dir='ltr'><em>quae</em></span> <span class='ocrx_word' id='word_1_232' title='bbox 853 2187 963 2221; x_wconf 85' lang='lat' dir='ltr'><em>erant</em></span> <span class='ocrx_word' id='word_1_233' title='bbox 999 2184 1237 2233; x_wconf 82' lang='lat' dir='ltr'><em>reprehensa</em></span> <span class='ocrx_word' id='word_1_234' title='bbox 1274 2183 1315 2220; x_wconf 89' lang='lat' dir='ltr'><em>in</em></span> <span class='ocrx_word' id='word_1_235' title='bbox 1351 2183 1562 2234; x_wconf 83' lang='lat' dir='ltr'><em>Apologia,</em></span> <span class='ocrx_word' id='word_1_236' title='bbox 1605 2184 1655 2222; x_wconf 86' lang='lat' dir='ltr'><em>ad</em></span> <span class='ocrx_word' id='word_1_237' title='bbox 1690 2184 1767 2223; x_wconf 81' lang='lat' dir='ltr'><em>alia</em></span> 
     </span>
     <span class='ocr_line' id='line_1_29' title="bbox 277 2253 1766 2304; baseline 0.003 -15"><span class='ocrx_word' id='word_1_238' title='bbox 277 2253 468 2302; x_wconf 82' lang='lat' dir='ltr'><em>quaedam</em></span> <span class='ocrx_word' id='word_1_239' title='bbox 499 2253 794 2291; x_wconf 80' lang='lat' dir='ltr'><em>Bornemannns</em></span> <span class='ocrx_word' id='word_1_240' title='bbox 816 2253 972 2303; x_wconf 77' lang='lat' dir='ltr'><em>transit,</em></span> <span class='ocrx_word' id='word_1_241' title='bbox 1004 2266 1102 2304; x_wconf 83' lang='lat' dir='ltr'><em>quae</em></span> <span class='ocrx_word' id='word_1_242' title='bbox 1123 2254 1355 2303; x_wconf 84' lang='lat' dir='ltr'><em>reprehendi</em></span> <span class='ocrx_word' id='word_1_243' title='bbox 1377 2266 1491 2304; x_wconf 80' lang='lat' dir='ltr'><em>posse</em></span> <span class='ocrx_word' id='word_1_244' title='bbox 1512 2255 1548 2293; x_wconf 90' lang='lat' dir='ltr'><em>ei</em></span> <span class='ocrx_word' id='word_1_245' title='bbox 1569 2254 1766 2304; x_wconf 79' lang='lat' dir='ltr'><em>videntur⁷</em></span> 
     </span>
     <span class='ocr_line' id='line_1_30' title="bbox 277 2323 1764 2374; baseline 0.002 -14"><span class='ocrx_word' id='word_1_246' title='bbox 277 2323 526 2373; x_wconf 88' lang='lat' dir='ltr'><em>primumque</em></span> <span class='ocrx_word' id='word_1_247' title='bbox 559 2324 609 2361; x_wconf 87' lang='lat' dir='ltr'><em>de</em></span> <span class='ocrx_word' id='word_1_248' title='bbox 640 2335 685 2362; x_wconf 84' lang='lat' dir='ltr'><em>ea</em></span> <span class='ocrx_word' id='word_1_249' title='bbox 716 2335 775 2371; x_wconf 88' lang='lat' dir='ltr'><em>re,</em></span> <span class='ocrx_word' id='word_1_250' title='bbox 819 2336 937 2374; x_wconf 83' lang='lat' dir='ltr'><em>quam</em></span> <span class='ocrx_word' id='word_1_251' title='bbox 975 2324 1112 2362; x_wconf 82' lang='lat' dir='ltr'><em>Astius</em></span> <span class='ocrx_word' id='word_1_252' title='bbox 1149 2324 1374 2363; x_wconf 81' lang='lat' dir='ltr'><em>Platonicae</em></span> <span class='ocrx_word' id='word_1_253' title='bbox 1411 2325 1627 2374; x_wconf 85' lang='lat' dir='ltr'><em>Apologiae</em></span> <span class='ocrx_word' id='word_1_254' title='bbox 1669 2325 1764 2364; x_wconf 84' lang='lat' dir='ltr'><em>vitio</em></span> 
     </span>
     <span class='ocr_line' id='line_1_31' title="bbox 277 2393 1765 2445; baseline 0.003 -15"><span class='ocrx_word' id='word_1_255' title='bbox 277 2396 466 2441; x_wconf 83' lang='lat' dir='ltr'><em>verterat,</em></span> <span class='ocrx_word' id='word_1_256' title='bbox 499 2393 666 2432; x_wconf 81' lang='lat' dir='ltr'><em>disserit.</em></span> <span class='ocrx_word' id='word_1_257' title='bbox 732 2394 832 2432; x_wconf 88' lang='lat' dir='ltr'><em>Cum</em></span> <span class='ocrx_word' id='word_1_258' title='bbox 864 2394 967 2432; x_wconf 91' lang='lat' dir='ltr'><em>enim</em></span> <span class='ocrx_word' id='word_1_259' title='bbox 1003 2394 1200 2433; x_wconf 81' lang='lat' dir='ltr'><em>Socratem</em></span> <span class='ocrx_word' id='word_1_260' title='bbox 1232 2399 1275 2432; x_wconf 88' lang='lat' dir='ltr'><em>ut</em></span> <span class='ocrx_word' id='word_1_261' title='bbox 1305 2395 1446 2445; x_wconf 89' lang='lat' dir='ltr'><em>ubique</em></span> <span class='ocrx_word' id='word_1_262' title='bbox 1476 2396 1534 2433; x_wconf 82' lang='lat' dir='ltr'><em>sie</em></span> <span class='ocrx_word' id='word_1_263' title='bbox 1555 2395 1601 2433; x_wconf 84' lang='lat' dir='ltr'><em>in</em></span> <span class='ocrx_word' id='word_1_264' title='bbox 1622 2396 1765 2434; x_wconf 84' lang='lat' dir='ltr'><em>iudicio</em></span> 
     </span>
     <span class='ocr_line' id='line_1_32' title="bbox 277 2464 1764 2516; baseline 0.003 -16"><span class='ocrx_word' id='word_1_265' title='bbox 277 2476 427 2512; x_wconf 85' lang='lat' dir='ltr'><em>quoque</em></span> <span class='ocrx_word' id='word_1_266' title='bbox 459 2486 513 2492; x_wconf 82' lang='lat'>—</span> <span class='ocrx_word' id='word_1_267' title='bbox 546 2464 777 2502; x_wconf 82' lang='lat' dir='ltr'><em>incredibile</em></span> <span class='ocrx_word' id='word_1_268' title='bbox 807 2464 963 2503; x_wconf 81' lang='lat' dir='ltr'><em>auditu!</em></span> <span class='ocrx_word' id='word_1_269' title='bbox 998 2488 1053 2492; x_wconf 97' lang='lat'><strong>—</strong></span> <span class='ocrx_word' id='word_1_270' title='bbox 1085 2466 1197 2503; x_wconf 78' lang='lat' dir='ltr'><em>verba</em></span> <span class='ocrx_word' id='word_1_271' title='bbox 1227 2466 1273 2503; x_wconf 88' lang='lat' dir='ltr'><em>in</em></span> <span class='ocrx_word' id='word_1_272' title='bbox 1303 2466 1450 2515; x_wconf 79' lang='lat' dir='ltr'><em>dialoqi</em></span> <span class='ocrx_word' id='word_1_273' title='bbox 1468 2466 1644 2516; x_wconf 88' lang='lat' dir='ltr'><em>formam</em></span> <span class='ocrx_word' id='word_1_274' title='bbox 1663 2478 1764 2504; x_wconf 88' lang='lat' dir='ltr'><em>com-</em></span> 
     </span>
     <span class='ocr_line' id='line_1_33' title="bbox 269 2534 1765 2586; baseline 0.003 -15"><span class='ocrx_word' id='word_1_275' title='bbox 269 2546 416 2583; x_wconf 87' lang='lat' dir='ltr'><em>ponere</em></span> <span class='ocrx_word' id='word_1_276' title='bbox 447 2534 620 2572; x_wconf 83' lang='lat' dir='ltr'><em>debuisse</em></span> <span class='ocrx_word' id='word_1_277' title='bbox 651 2535 786 2573; x_wconf 81' lang='lat' dir='ltr'><em>Astius</em></span> <span class='ocrx_word' id='word_1_278' title='bbox 819 2538 980 2584; x_wconf 80' lang='lat' dir='ltr'><em>statuat,</em></span> <span class='ocrx_word' id='word_1_279' title='bbox 1014 2536 1047 2574; x_wconf 83' lang='lat' dir='ltr'><em>si</em></span> <span class='ocrx_word' id='word_1_280' title='bbox 1079 2536 1147 2586; x_wconf 86' lang='lat' dir='ltr'><em>qui</em></span> <span class='ocrx_word' id='word_1_281' title='bbox 1179 2536 1317 2574; x_wconf 83' lang='lat' dir='ltr'><em>eadem</em></span> <span class='ocrx_word' id='word_1_282' title='bbox 1347 2536 1496 2574; x_wconf 84' lang='lat' dir='ltr'><em>ratione</em></span> <span class='ocrx_word' id='word_1_283' title='bbox 1528 2536 1765 2586; x_wconf 89' lang='lat' dir='ltr'><em>Xenophon-</em></span> 
     </span>
     <span class='ocr_line' id='line_1_34' title="bbox 277 2605 1763 2658; baseline 0.003 -16"><span class='ocrx_word' id='word_1_284' title='bbox 277 2607 381 2642; x_wconf 80' lang='lat' dir='ltr'><em>team</em></span> <span class='ocrx_word' id='word_1_285' title='bbox 419 2605 651 2654; x_wconf 82' lang='lat' dir='ltr'><em>Apologiam</em></span> <span class='ocrx_word' id='word_1_286' title='bbox 687 2605 919 2655; x_wconf 82' lang='lat' dir='ltr'><em>impugnare</em></span> <span class='ocrx_word' id='word_1_287' title='bbox 964 2606 1164 2654; x_wconf 83' lang='lat' dir='ltr'><em>studeant,</em></span> <span class='ocrx_word' id='word_1_288' title='bbox 1208 2607 1264 2645; x_wconf 83' lang='lat' dir='ltr'><em>eis</em></span> <span class='ocrx_word' id='word_1_289' title='bbox 1309 2609 1400 2646; x_wconf 80' lang='lat' dir='ltr'><em>sect.</em></span> <span class='ocrx_word' id='word_1_290' title='bbox 1426 2608 1447 2645; x_wconf 82' lang='lat'><strong>7</strong></span> <span class='ocrx_word' id='word_1_291' title='bbox 1488 2605 1539 2657; x_wconf 92' lang='lat' dir='ltr'><em>(p.</em></span> <span class='ocrx_word' id='word_1_292' title='bbox 1565 2606 1763 2658; x_wconf 81' lang='lat'>19—20)</span> 
     </span>
     <span class='ocr_line' id='line_1_35' title="bbox 277 2675 1764 2727; baseline 0.001 -14"><span class='ocrx_word' id='word_1_293' title='bbox 277 2675 499 2725; x_wconf 80' lang='lat' dir='ltr'><em>respondet.</em></span> <span class='ocrx_word' id='word_1_294' title='bbox 561 2675 699 2726; x_wconf 84' lang='lat' dir='ltr'><em>Neque</em></span> <span class='ocrx_word' id='word_1_295' title='bbox 719 2676 796 2714; x_wconf 80' lang='lat' dir='ltr'><em>ista</em></span> <span class='ocrx_word' id='word_1_296' title='bbox 818 2676 918 2715; x_wconf 82' lang='lat' dir='ltr'><em>Astii</em></span> <span class='ocrx_word' id='word_1_297' title='bbox 940 2676 1182 2715; x_wconf 78' lang='lat' dir='ltr'><em>dubitatione</em></span> <span class='ocrx_word' id='word_1_298' title='bbox 1204 2677 1334 2715; x_wconf 80' lang='lat' dir='ltr'><em>minus</em></span> <span class='ocrx_word' id='word_1_299' title='bbox 1356 2677 1507 2716; x_wconf 81' lang='lat' dir='ltr'><em>insulsa</em></span> <span class='ocrx_word' id='word_1_300' title='bbox 1529 2680 1636 2725; x_wconf 85' lang='lat' dir='ltr'><em>sunt,</em></span> <span class='ocrx_word' id='word_1_301' title='bbox 1664 2689 1764 2727; x_wconf 84' lang='lat' dir='ltr'><em>quae</em></span> 
     </span>
     <span class='ocr_line' id='line_1_36' title="bbox 277 2746 1763 2797; baseline 0.001 -14"><span class='ocrx_word' id='word_1_302' title='bbox 277 2749 371 2784; x_wconf 79' lang='lat' dir='ltr'><em>sect.</em></span> <span class='ocrx_word' id='word_1_303' title='bbox 396 2747 419 2784; x_wconf 90' lang='lat'>9</span> <span class='ocrx_word' id='word_1_304' title='bbox 453 2746 706 2796; x_wconf 81' lang='lat' dir='ltr'><em>refelluntur3</em></span> <span class='ocrx_word' id='word_1_305' title='bbox 739 2747 833 2785; x_wconf 80' lang='lat' dir='ltr'><em>facit</em></span> <span class='ocrx_word' id='word_1_306' title='bbox 865 2747 971 2785; x_wconf 89' lang='lat' dir='ltr'><em>enim</em></span> <span class='ocrx_word' id='word_1_307' title='bbox 1002 2748 1227 2797; x_wconf 85' lang='lat' dir='ltr'><em>quempiam</em></span> <span class='ocrx_word' id='word_1_308' title='bbox 1259 2747 1490 2797; x_wconf 84' lang='lat' dir='ltr'><em>Apologiam</em></span> <span class='ocrx_word' id='word_1_309' title='bbox 1520 2747 1574 2785; x_wconf 82' lang='lat' dir='ltr'><em>ita</em></span> <span class='ocrx_word' id='word_1_310' title='bbox 1608 2747 1763 2794; x_wconf 83' lang='lat' dir='ltr'><em>adoriri,</em></span> 
     </span>
     <span class='ocr_line' id='line_1_37' title="bbox 278 2816 1762 2867; baseline 0.002 -14"><span class='ocrx_word' id='word_1_311' title='bbox 278 2819 322 2853; x_wconf 87' lang='lat' dir='ltr'><em>ut</em></span> <span class='ocrx_word' id='word_1_312' title='bbox 353 2816 474 2855; x_wconf 84' lang='lat' dir='ltr'><em>dieat:</em></span> <span class='ocrx_word' id='word_1_313' title='bbox 508 2817 741 2866; x_wconf 81' lang='lat' dir='ltr'><em>quicumque</em></span> <span class='ocrx_word' id='word_1_314' title='bbox 771 2818 827 2855; x_wconf 78' lang='lat' dir='ltr'><em>vel</em></span> <span class='ocrx_word' id='word_1_315' title='bbox 852 2817 1040 2866; x_wconf 81' lang='lat' dir='ltr'><em>probitate</em></span> <span class='ocrx_word' id='word_1_316' title='bbox 1069 2830 1145 2855; x_wconf 87' lang='lat' dir='ltr'><em>sua</em></span> <span class='ocrx_word' id='word_1_317' title='bbox 1176 2818 1365 2866; x_wconf 82' lang='lat' dir='ltr'><em>optimam</em></span> <span class='ocrx_word' id='word_1_318' title='bbox 1390 2818 1655 2867; x_wconf 86' lang='lat' dir='ltr'><em>defensionem</em></span> <span class='ocrx_word' id='word_1_319' title='bbox 1675 2830 1762 2857; x_wconf 88' lang='lat' dir='ltr'><em>con-</em></span> 
     </span>
     <span class='ocr_line' id='line_1_38' title="bbox 279 2886 1763 2938; baseline 0.002 -15"><span class='ocrx_word' id='word_1_320' title='bbox 279 2886 395 2924; x_wconf 87' lang='lat' dir='ltr'><em>tineri</em></span> <span class='ocrx_word' id='word_1_321' title='bbox 426 2887 615 2925; x_wconf 72' lang='lat' dir='ltr'><em>eoeistimet</em></span> <span class='ocrx_word' id='word_1_322' title='bbox 636 2887 693 2925; x_wconf 81' lang='lat' dir='ltr'><em>vel</em></span> <span class='ocrx_word' id='word_1_323' title='bbox 713 2900 737 2925; x_wconf 94' lang='lat' dir='ltr'><em>a</em></span> <span class='ocrx_word' id='word_1_324' title='bbox 758 2888 964 2926; x_wconf 85' lang='lat' dir='ltr'><em>daemonio</em></span> <span class='ocrx_word' id='word_1_325' title='bbox 986 2888 1170 2937; x_wconf 86' lang='lat' dir='ltr'><em>impediri</em></span> <span class='ocrx_word' id='word_1_326' title='bbox 1189 2900 1246 2935; x_wconf 71' lang='lat' dir='ltr'><em>se,</em></span> <span class='ocrx_word' id='word_1_327' title='bbox 1271 2889 1487 2938; x_wconf 83' lang='lat' dir='ltr'><em>quominus</em></span> <span class='ocrx_word' id='word_1_328' title='bbox 1508 2888 1763 2927; x_wconf 85' lang='lat' dir='ltr'><em>inimicorum</em></span> 
     </span>
    </p>
   </div>
  </div>
 </body>
</html>
