1820 3340
255 217 308 255 20

253 333 609 372 demonstraretur?
670 330 810 381 Itaque
842 330 987 377 omnia,
1020 340 1119 379 quae
1151 328 1271 366 vitam
1301 328 1422 366 vilem
1453 330 1494 365 et
1526 327 1745 374 molestam,

254 406 419 442 mortem
457 401 811 452 concupiscendam
847 404 964 450 atque
1002 399 1120 438 etiam
1163 399 1274 448 quasi
1316 398 1511 436 lucrosam
1557 409 1643 436 esse
1688 397 1747 435 illi

254 475 417 524 probare
447 476 644 523 poterant,
677 476 973 510 enumerantur:
1006 471 1084 508 iam
1116 482 1220 508 mors
1251 470 1291 507 in
1325 469 1470 507 summi
1499 468 1588 507 boni
1617 468 1747 506 locum

256 545 446 592 succedit,
492 544 573 582 vita
614 555 707 581 vere
759 543 909 580 malum
957 553 1044 580 esse
1087 541 1259 578 videtur:
1311 539 1362 591 ἐξ
1396 540 1534 579 6—9.
1574 539 1642 578 27.
1680 539 1747 577 33.

259 615 484 665 Omnesque
516 614 704 662 rationes,
745 612 887 663 quibus
919 612 959 649 id
992 611 1177 659 efficitur,
1216 623 1265 649 ex
1296 611 1467 648 utilitate
1505 613 1748 659 repetuntur.

256 709 315 714 —
347 685 449 733 Quin
480 685 598 723 etiam
630 696 674 722 eo
705 695 832 733 usque
864 683 1040 733 procedit
1071 685 1222 731 auctor,
1254 685 1299 720 ut
1325 681 1428 720 Socr.
1461 681 1580 718 faciat
1610 680 1660 718 de
1690 680 1750 717 in-

257 757 408 795 dustria
438 756 479 793 id
511 758 711 804 agentem,
743 758 789 792 ut
825 754 975 792 iudices
1013 765 1055 791 se
1086 752 1212 802 capite
1243 752 1492 790 damnarent:
1528 749 1551 802 ξ
1576 751 1629 789 32
1663 749 1750 788 Σω-

259 823 419 881 κράτης
446 821 493 864 δὲ
521 822 595 864 διὰ
622 822 671 863 τὸ
698 821 947 877 μεγαλύνειν
975 817 1124 862 ἑαυτὸν
1153 816 1195 861 ἐν
1216 822 1277 874 τῷ
1299 815 1563 877 δικαστηρίῳ
1585 817 1753 875 φθόνον

259 892 527 950 ἐπαγόμενος
568 892 731 947 μᾶλλον
776 888 1184 949 καταψηφίσασθαι
1229 887 1382 932 ἑαυτοῦ
1429 886 1611 947 ἐποίησε
1655 888 1753 938 τοὺς

262 964 489 1018 ὄικαστάς;
524 966 639 1018 §142
662 959 768 1019 'sAye
800 963 852 1020 δὴ
879 961 1089 1004 ἀκούσατε
1120 961 1230 1014 κτλ.;
1266 963 1290 1015 ξ
1315 965 1381 1002 23.
1432 964 1562 1013 Atque
1595 962 1652 1001 sic
1676 962 1754 1000 dis-

262 1039 462 1089 crepantia
484 1037 675 1088 quaedam
697 1041 736 1076 et
763 1037 875 1087 quasi
897 1047 1112 1074 concursus
1135 1035 1257 1073 oritur
1278 1035 1461 1081 duarum,
1483 1045 1583 1084 quae
1605 1033 1756 1072 Socrati

261 1111 527 1159 assignantur,
565 1108 778 1159 rationum,
818 1108 1012 1157 ingenuae
1044 1105 1289 1144 liberalitatis
1326 1109 1366 1143 et
1402 1104 1565 1143 rationis
1592 1103 1756 1142 utilitati

265 1181 435 1230 habitae3
469 1181 517 1218 cf.
545 1179 568 1230 ξ
593 1180 646 1217 23
675 1176 724 1217 τὸ
755 1174 802 1217 δὲ
828 1176 888 1232 μὴ
916 1173 1163 1217 ἀποθανεῖν
1192 1172 1279 1215 οὐκ
1307 1168 1413 1228 ᾤετο
1441 1169 1758 1229 λιπαρητέον

264 1244 392 1302 εἶναι,
427 1246 536 1289 ἀλλὰ
562 1246 636 1288 καὶ
668 1246 848 1302 καιρὸν
880 1245 960 1304 ἤδη
993 1243 1183 1298 ἐνόμιζεν
1209 1241 1347 1299 ἑαυτῷ
1372 1243 1586 1296 τελευτᾶν;
1621 1249 1661 1284 et
1684 1244 1708 1298 ξ
1732 1247 1755 1284 9

265 1317 499 1376 αἱρήσομαι
549 1318 747 1359 τελευτᾶν
795 1317 970 1371 μᾶλλον,
1022 1316 1047 1373 ἢ
1093 1313 1442 1369 ἀνελευθέρως
1485 1314 1534 1356 τὸ
1579 1313 1650 1370 ζῆν
1693 1309 1755 1355 ἔτι

264 1395 516 1446 προσαιτῶν
555 1388 757 1444 κερδᾶναι
795 1388 881 1430 τὸν
917 1387 1051 1429 πολὺ
1086 1383 1239 1442 χείρω
1276 1383 1388 1439 βίον
1426 1384 1521 1427 ἀντὶ
1552 1384 1758 1427 θανάτου.

267 1464 350 1512 Quo
372 1464 433 1512 fit,
466 1466 510 1500 ut
535 1462 722 1500 miremur
744 1474 887 1512 paene,
919 1461 1025 1511 quod
1055 1460 1176 1498 nihilo
1208 1459 1339 1498 minus
1372 1459 1549 1498 Socrates
1580 1459 1684 1497 iusta
1717 1470 1758 1497 se

265 1535 492 1574 defensione
525 1534 670 1572 dicitur
700 1533 939 1571 defendisse.

388 1616 515 1664 Quid?
576 1616 715 1654 Nonne
746 1616 931 1653 universa
964 1614 1136 1653 Socratis
1167 1614 1331 1664 eiusque
1364 1612 1595 1662 disciplinae
1633 1611 1761 1661 imago

269 1689 336 1727 illa
369 1691 447 1735 est,
486 1699 585 1737 quae
615 1687 657 1724 in
694 1687 835 1725 ceteris
867 1686 967 1724 Xen.
1006 1684 1164 1734 scriptis
1203 1683 1466 1734 conspicitur?
1529 1682 1641 1730 Quod
1672 1694 1762 1720 cum

268 1771 339 1809 per
370 1762 495 1797 totum
527 1757 706 1796 libellum
736 1757 991 1807 perspicuum
1022 1756 1089 1794 fiat
1121 1756 1183 1806 (cf.
1216 1754 1410 1804 imprimis
1444 1752 1496 1804 ἓξ
1520 1754 1574 1792 20
1597 1765 1646 1803 S.;
1681 1753 1762 1802 25),

268 1830 311 1868 in
342 1832 517 1868 extremo
549 1828 588 1880 (ἓ
612 1827 682 1878 34)
713 1828 960 1878 apertissime
995 1826 1185 1874 cernitur,
1218 1826 1284 1864 ubi
1316 1837 1410 1863 voce
1448 1819 1763 1878 ὠφελιμωτέρα)

270 1901 383 1951 quasi
427 1899 603 1948 sigillum
648 1911 764 1937 suum
806 1898 908 1936 Xen.
951 1898 1086 1936 libello
1129 1896 1337 1948 imprimit,
1381 1895 1485 1946 quod
1529 1895 1765 1945 quicumque

271 1971 388 2010 Mem.
421 1970 485 2009 vel
515 1970 753 2008 mediocrem
784 1970 901 2007 habet
932 1969 1128 2016 notitiam,
1163 1967 1297 2006 statim
1327 1966 1514 2015 agnoscit.
1526 1966 1555 2015 1)

390 2053 453 2091 Ex
486 2053 622 2091 eadem
656 2053 827 2102 denique
860 2051 1042 2089 utilitatis
1075 2051 1224 2088 ratione
1257 2049 1357 2087 Xen.
1391 2048 1603 2087 amicitiam
1636 2048 1765 2086 inimi-

273 2124 487 2174 citiamque
501 2124 674 2161 iudicare
688 2122 980 2172 identidemque
997 2121 1071 2158 viri
1089 2121 1181 2159 boni
1201 2132 1289 2158 esse
1308 2122 1479 2158 statuere
1499 2119 1635 2157 amicis
1650 2119 1766 2169 prod-

274 2207 373 2243 esse,
393 2194 628 2232 adversariis
642 2205 794 2241 nocere,
816 2193 906 2243 quis
921 2195 992 2241 est,
1014 2192 1083 2242 qui
1103 2191 1277 2230 nesciat?
1310 2190 1445 2228 Talem
1456 2202 1549 2228 vero
1568 2189 1765 2228 hominem

277 2266 472 2315 significat
499 2265 617 2303 etiam
641 2263 665 2316 ξ
692 2266 728 2312 7,
757 2264 825 2302 ubi
845 2264 947 2302 inter
967 2262 1103 2301 mortis
1125 2262 1226 2310 eius,
1257 2273 1357 2312 quae
1380 2261 1528 2300 Socrati
1552 2260 1766 2308 immineat,

275 2337 463 2375 commoda
482 2336 520 2374 id
541 2338 790 2384 enumeratur,
806 2334 909 2385 quod
924 2328 1313 2387 ἀπραγμονεστάτη
1327 2330 1418 2379 τοῖς
1431 2325 1577 2385 φίλοις
1590 2331 1658 2370 illa
1671 2331 1731 2370 sit.
1739 2331 1766 2378 ²)

397 2510 432 2553 1)
459 2509 514 2545 Cf.
533 2508 681 2551 Bruus„
708 2508 781 2543 Das
805 2507 1025 2541 literarische
1050 2506 1208 2541 Portrait
1227 2506 1290 2540 der
1309 2505 1485 2539 Griechen
1501 2504 1603 2548 1896,
1630 2515 1663 2548 p.
1681 2504 1766 2539 405:

280 2567 545 2611 „Niitzlichkeit
561 2577 636 2601 war
661 2567 722 2601 das
749 2566 969 2610 Schlagwort
995 2566 1114 2600 seiner
1138 2563 1612 2600 Sokrates-Charakteristik
1637 2563 1676 2596 in
1700 2562 1769 2596 den

278 2626 650 2670 Denkwiirdigkeiten.
658 2626 673 2643 “

399 2697 434 2741 2)
462 2696 593 2739 Quanti
618 2696 811 2731 amicitiam
828 2695 922 2730 Xen.
942 2695 1070 2730 fecerit
1096 2706 1177 2729 cum
1196 2705 1241 2729 ex
1259 2693 1422 2728 omnibus
1439 2694 1516 2728 fere
1535 2693 1611 2727 eius
1629 2691 1768 2736 scriptis

279 2756 387 2791 liceat
411 2766 642 2800 cognoscere,
675 2755 771 2790 idem
797 2754 953 2789 ostendit
977 2753 1146 2798 Diogenis
1171 2752 1305 2787 Laertii
1330 2752 1382 2797 (Π
1400 2752 1460 2797 52)
1485 2751 1572 2786 illud
1598 2750 1768 2786 Scillunte

281 2825 363 2848 eum
402 2815 540 2859 degisse
571 2817 762 2849 venantem
799 2813 1036 2857 historiasque
1075 2811 1360 2847 conscribentem
1399 2813 1482 2854 „nab
1519 2811 1604 2849 τοὺς
1641 2811 1770 2856 φίλους

283 2874 492 2907 ἑστιῶντιι“.
