1820 3340
1479 235 1532 273 23

47 345 180 405 μηδέν
213 347 441 399 diligentius
475 350 632 388 videtur
661 348 739 388 dici
771 362 886 399 quam
908 344 1029 388 οὐδέν
1055 349 1286 399 Apologiae,
1318 363 1407 388 nam
1430 349 1535 400 posi-

46 424 131 459 tum
163 424 223 459 est
253 420 351 458 illud
382 420 633 470 participium
670 432 739 470 pro
770 420 842 458 hac
873 418 1158 458 enuntiatione:
1197 414 1265 469 „ez
1296 416 1370 458 καὶ
1400 417 1534 475 μηδὲν

47 486 271 529 &molem

165 561 280 599 Haud
300 561 409 599 aliud
439 560 577 599 tuleris
608 560 796 598 iudicium
829 561 862 598 si
893 560 1161 610 composueris
1193 572 1291 611 quae
1321 561 1452 599 statim
1474 573 1534 599 se-

46 634 237 681 quuntur:
265 626 644 684 ,,ἐ7τιχειρήσαντός
663 643 804 680 μου
827 624 1094 669 ἐναντιοῦταί
1111 643 1187 681 μοι
1210 628 1259 669 τὸ
1282 627 1533 681 δαιμόνιονζι

46 700 188 751 (Apol.)
216 705 256 739 et
277 696 384 755 ,ἤδη
408 713 489 751 μου
513 694 828 753 ἐπιχειροῦντος
937 697 1184 756 ἠναντιώθη
1211 698 1260 740 τὸ
1283 698 1536 751 δαιμόνιονίί

44 771 200 822 (Mem).
265 771 366 810 Cum
397 771 500 810 enim
531 768 613 821 μοὺ
652 774 839 821 sequente
870 767 945 821 μοὶ
977 772 1173 810 offendere
1203 772 1343 821 possit,
1382 772 1533 810 sublato

45 837 120 892 μοὶ
170 842 332 880 offensio
381 842 543 879 tollitur.
623 843 752 891 Atque
802 837 1118 896 ,,ἠναντιώθη“
1167 843 1395 880 correctoris
1445 854 1533 880 esse

45 911 272 950 Schneideri
303 912 353 950 acl
389 913 426 949 h.
455 912 480 950 l.
519 913 704 961 probatur
740 912 987 950 adnotatione
1025 913 1115 950 hac:
1162 912 1379 960 „Ceterum
1418 911 1532 962 peius

44 982 97 1020 ibi
130 980 227 1035 [scil.
258 983 300 1020 in
331 979 459 1036 ApoL]
493 982 638 1031 legitur
669 977 970 1021 ἐναντιοῦταιέί

161 1052 393 1091 Accuratius
423 1053 592 1102 (lenique
614 1053 731 1102 paulo
753 1053 868 1091 Mem.
903 1052 926 1104 ἓ
951 1054 974 1091 8
1008 1048 1391 1105 »δυσμαθέστερον
1414 1048 1530 1092 ἄπο-

43 1116 205 1175 βαίνειν
248 1119 321 1161 καὶ
366 1118 811 1177 ἐπιλησμονέστερονίι
856 1123 999 1161 dicitur
1042 1135 1111 1173 pro
1156 1118 1533 1176 υδυσμαθέστερον

43 1184 153 1231 εἶναι
203 1189 277 1231 καὶ
334 1187 391 1231 ὧν
447 1187 616 1244 ἔμαθον
671 1187 1117 1248 ἐπιλησμονέστερον(
1170 1195 1281 1243 Apol.
1319 1193 1342 1245 ξ
1374 1196 1416 1244 63
1475 1187 1533 1232 ὧν

43 1257 210 1314 ἔμαθον
241 1276 332 1302 vero
363 1276 432 1302 cur
469 1265 657 1303 omissum
696 1265 763 1312 sit,
802 1277 959 1303 causam
997 1265 1177 1302 idoneam
1213 1265 1436 1303 invenimus
1474 1265 1532 1302 in-

43 1334 188 1384 spectis
226 1335 298 1379 eis,
338 1347 436 1384 quae
469 1335 598 1373 statim
633 1336 928 1385 subsequuntur
959 1335 999 1372 in
1031 1335 1146 1373 Mem.
1178 1330 1287 1383 „va
1319 1328 1377 1373 ὧν
1414 1331 1528 1388 πρό-

42 1417 161 1457 τερον
203 1398 382 1456 βελτίων
425 1400 490 1458 ῆν,
535 1401 696 1444 τούτων
735 1399 885 1458 χείρων
929 1398 1205 1457 γίγνεσθαιίίῑ
1257 1406 1381 1444 noluit
1425 1406 1529 1444 enim

40 1480 176 1514 auctor
218 1476 317 1514 illud
361 1471 432 1514 καὶ
478 1469 536 1513 ὧν
578 1480 657 1514 tam
694 1476 802 1514 brevi
839 1476 1045 1514 intervallo
1085 1476 1316 1526 interposito
1354 1480 1531 1526 repetere

42 1557 161 1584 sensu
198 1546 362 1584 diverso.
424 1546 517 1595 Ipsa
553 1549 684 1584 autem
721 1547 818 1584 haec
855 1547 975 1585 verba
1013 1539 1071 1584 ὧν
1108 1542 1320 1599 πρότερον
1350 1541 1531 1599 βελτίων

41 1611 104 1670 ἧν,
143 1613 303 1656 τούτων
337 1610 487 1668 χείρων
525 1610 751 1669 γίγνεσθαι
782 1629 860 1655 non
891 1614 1172 1666 dubitaverim,
1208 1617 1303 1667 quin
1335 1621 1417 1655 orta
1451 1618 1531 1656 sint

40 1698 90 1725 ex
133 1687 345 1737 Apologiae
388 1687 516 1725 verbis
567 1687 635 1726 illa
685 1687 972 1737 excipientibus
1023 1685 1108 1741 ,,ἢν
1156 1683 1202 1727 δὲ
1246 1682 1526 1739 αἰσθάνωμαι

37 1751 188 1810 χείρων
219 1754 503 1810 γιγνόμενοςζί.

159 1828 358 1866 Postremo
387 1829 498 1878 Apol.
534 1829 605 1878 §5
645 1822 712 1878 ,,εἷ
744 1824 817 1867 καὶ
854 1829 923 1880 τῷ
961 1828 1054 1867 θεῶ
1091 1826 1209 1868 δοκεῖ
1247 1823 1322 1879 ἐμὲ
1359 1825 1530 1881 βέλτιον

39 1889 151 1937 εἶναι
196 1893 274 1952 ἤδη
318 1895 548 1937 τελευτᾶνίί
591 1902 801 1937 correctam
851 1899 1076 1937 invenimus
1120 1899 1160 1937 in
1203 1900 1320 1939 Mem.
1357 1902 1426 1947 §6
1468 1912 1525 1948 eo,

39 1969 144 2019 quod
188 1963 263 2007 καί
304 1973 500 2008 remotum
544 1973 620 2007 est:
660 1981 749 2007 nam
794 1981 884 2007 cum
922 1982 973 2008 ex
1010 1973 1091 2008 toto
1131 1970 1207 2008 isto
1241 1982 1329 2008 cum
1364 1970 1528 2009 Hermo-

38 2051 138 2089 gene
183 2038 379 2089 colloquio
422 2042 608 2089 appareat
650 2040 776 2089 primo
821 2040 938 2078 deum
982 2041 1109 2078 solum
1151 2040 1251 2078 illud
1288 2041 1529 2090 cognovisse,

39 2110 234 2149 Socratem
271 2113 406 2159 postea
443 2110 601 2148 demum
638 2110 725 2160 ipsa
762 2110 826 2148 dei
864 2111 1077 2149 monitione
1114 2111 1273 2149 doctum
1303 2111 1408 2149 idem
1439 2124 1528 2162 per-

39 2181 218 2230 spexisse
238 2181 349 2231 Apol.
371 2184 570 2219 auctorem
591 2180 709 2229 velle,
742 2181 810 2219 illo
843 2176 917 2219 καὶ
939 2181 1064 2231 posito
1084 2182 1170 2231 ipse
1193 2182 1370 2221 Socrates
1392 2183 1529 2220 mortis

38 2251 317 2301 praestantiam
345 2263 498 2302 semper
522 2251 786 2300 intellexisse,
818 2255 1017 2301 praeterea
1043 2257 1174 2290 autem
1206 2248 1348 2301 „zaffl‘
1380 2249 1402 2291 ὁ
1425 2250 1531 2300 θεὸς

37 2321 142 2360 idem
169 2322 409 2371 significasse
433 2322 556 2360 videri
582 2325 749 2373 poterat3
783 2335 900 2372 quam
928 2323 974 2361 ob
1002 2335 1086 2361 rem
1111 2324 1229 2361 etiam
1256 2323 1486 2373 Caspersius
1499 2323 1527 2373 1)

39 2395 79 2430 et
109 2392 272 2431 Pohlius
284 2392 312 2443 2)
344 2393 385 2430 in
422 2393 497 2431 ista
529 2395 667 2431 vocula
705 2393 820 2431 valde
858 2393 1123 2442 offenderunt,
1161 2394 1417 2432 testificantes
1454 2395 1529 2432 hoc

37 2462 124 2512 ipso
165 2463 308 2515 fuisse,
353 2464 456 2513 quod
500 2475 546 2502 ea
588 2463 812 2512 tolleretur,
864 2476 953 2502 cum
996 2464 1081 2503 vice
1125 2476 1238 2503 versa
1280 2476 1414 2513 causa,
1458 2476 1529 2503 cur

37 2533 260 2582 adderetur,
292 2546 368 2572 non
401 2534 555 2572 fuisset.

155 2603 284 2642 Nimis
315 2604 413 2643 haec
444 2605 603 2643 subtilia
635 2616 723 2643 esse
754 2604 858 2643 dicat
887 2605 1051 2643 fortasse
1073 2605 1267 2655 quispiam
1288 2617 1418 2656 neque
1440 2617 1527 2643 eam

36 2685 125 2713 esse
140 2674 328 2713 librorum
350 2687 468 2713 manu
484 2675 716 2724 scriptorum
739 2675 875 2724 fidem,
897 2678 941 2714 ut
963 2675 1057 2714 talia
1076 2687 1125 2714 ex
1139 2688 1273 2715 earum
1292 2676 1526 2715 lectionibus

157 2836 190 2880 1)
218 2836 270 2871 ef.
298 2837 386 2880 part.
405 2836 442 2870 Π
469 2837 528 2880 §7
554 2836 591 2871 Π
609 2837 641 2871 3.

156 2894 191 2939 2)
219 2894 268 2931 cf.
296 2896 383 2939 part.
402 2895 437 2930 Π
463 2896 553 2939 gii.
