1820 3340
1474 242 1524 279 19

42 367 93 393 ex
135 354 204 392 illa
246 357 467 393 manantem
512 355 726 405 pertinent3
771 355 911 393 deinde
953 366 1031 393 non
1073 356 1187 393 modo
1227 368 1326 406 quae
1363 357 1405 394 in
1442 358 1527 407 ipsa

39 425 207 473 actione,
246 425 315 463 sed
346 425 464 463 etiam
495 437 595 475 quae
626 429 741 464 antea
771 428 810 464 et
840 429 976 475 postea
1009 426 1254 475 disseruerit,
1292 427 1525 479 referuntur,

40 507 116 545 quo
148 495 291 534 clarius
329 495 397 533 fiat
427 495 512 533 eius
544 495 752 534 consilium
783 496 920 534 mortis
953 497 1163 535 obeundae.
1222 497 1353 547 Atque
1385 498 1418 535 si
1449 498 1527 536 iam

40 565 270 615 singillatim
312 565 437 603 libelli
479 569 756 615 argumentum
799 566 1040 615 excutimus,
1089 579 1168 606 non
1218 568 1349 605 minus
1392 568 1525 607 Xeno-

38 636 198 686 phontis
241 636 513 684 cognoscimus
556 636 747 675 instituta.
827 636 928 675 Nam
973 649 1043 675 sua
1085 637 1201 687 plane
1244 638 1429 676 transfert
1477 639 1527 676 ad

39 706 252 756 Socratem3
285 706 335 744 ad
366 718 463 755 quas
494 706 579 755 ipse
601 707 722 745 vitam
753 706 944 756 dirigebat
975 719 1130 746 omnem
1161 720 1335 758 normas,
1367 720 1433 747 eas
1464 709 1524 746 illi

38 777 209 826 delegat,
242 788 387 826 easque
417 777 605 825 rationes,
638 789 734 826 quas
766 778 851 826 ipse
882 780 1040 816 secutus
1067 781 1187 827 esset,
1219 778 1333 816 illum
1361 791 1526 829 sequen-

38 850 117 885 tem
153 847 256 885 facit.
318 847 456 885 Veluti
486 847 646 896 pietatis
677 850 718 885 in
750 847 843 886 deos
875 849 990 897 quale
1022 860 1147 897 genus
1181 848 1246 887 hic
1278 849 1426 887 Socrati
1457 850 1526 887 tri-

38 918 176 956 butum
201 917 421 957 cernimus:
460 930 589 956 nonne
620 917 771 955 dudum
803 930 855 956 ex
886 919 1067 956 omnibus
1099 919 1256 969 scriptis
1288 920 1526 969 Xenophon-

38 987 111 1026 teis
142 988 332 1026 habemus
364 988 465 1025 illud
497 988 721 1037 cognitum?
771 988 835 1026 Ad
867 989 971 1038 quod
1003 990 1196 1028 accedunt
1217 991 1314 1028 aliae
1337 991 1527 1040 quaedam

37 1070 117 1107 res,
150 1058 292 1108 quibus
323 1059 504 1108 quamvis
536 1058 710 1108 parvulis
732 1057 830 1098 Xen.
864 1059 1040 1097 denotari
1060 1060 1229 1099 videtur.
1283 1060 1396 1108 Quod
1421 1062 1527 1100 enim

37 1128 184 1167 Ioeh'us
217 1129 303 1180 (1.1.
330 1128 427 1179 105)
465 1129 614 1167 notavit
644 1129 686 1167 in
717 1129 896 1168 omnibus
929 1131 1291 1169 enumerationibus
1322 1143 1411 1170 eum
1443 1132 1526 1181 pie-

37 1202 158 1237 tatem
177 1210 269 1248 erga
287 1199 380 1237 deos
400 1200 526 1249 primo
545 1199 630 1237 loco
650 1200 841 1238 collocare
862 1200 1123 1249 consuevisse,
1150 1201 1252 1240 idem
1281 1202 1346 1239 hic
1373 1214 1527 1252 quoque

37 1269 233 1308 videmus:
267 1270 314 1307 cf.
339 1269 388 1321 ἓξ
412 1272 448 1308 5.
475 1271 538 1309 19.
564 1271 629 1309 22.
655 1271 721 1308 24.
746 1272 812 1309 25.
864 1272 994 1321 Atque
1017 1272 1041 1321 ξ
1066 1273 1139 1321 32,
1164 1273 1232 1310 ubi
1254 1275 1374 1311 totam
1395 1285 1528 1311 narra-

38 1341 185 1378 tionem
216 1340 414 1378 concludit
445 1344 485 1379 et
514 1341 650 1379 iudicii
682 1341 743 1379 sui
766 1353 957 1380 summam
978 1354 1057 1380 uno
1079 1343 1196 1381 verbo
1218 1344 1526 1393 comprehendit,

38 1411 182 1449 maiore
213 1411 370 1449 nomine
402 1411 510 1450 illius
542 1415 684 1450 sortem
713 1413 851 1450 efferre
872 1413 1016 1461 nescit,
1049 1425 1167 1462 quam
1187 1416 1232 1451 ut
1254 1414 1376 1452 dicat:
1405 1407 1527 1466 ,ἐμοὶ

37 1477 115 1532 μὲν
146 1475 219 1520 οὖν
250 1478 369 1520 δοκεῖ
399 1479 637 1535 θεοφιλοῦς
666 1476 821 1535 μοίρας
851 1478 1164 1537 τετυχηκέναιιι.
1218 1484 1422 1534 Simulque
1454 1485 1527 1523 hoc

38 1564 89 1591 ex
118 1552 202 1590 loco
233 1555 359 1590 totum
390 1552 570 1591 libellum
602 1553 737 1601 etiam,
771 1553 803 1591 si
825 1554 901 1592 hoc
921 1554 1039 1592 verbo
1061 1554 1118 1592 uti
1139 1554 1249 1603 licet,
1281 1555 1527 1594 theodiceam

39 1623 232 1673 quandam
276 1635 363 1661 esse
406 1624 609 1672 cognoscis
646 1623 898 1674 Xenophonti
943 1624 977 1662 si
1015 1625 1079 1663 cui
1115 1625 1181 1663 alii
1218 1626 1393 1675 profecto
1437 1638 1526 1665 con-

37 1693 272 1732 venientem.

155 1775 373 1814 Utilitatem
410 1776 551 1814 deinde
589 1777 631 1814 in
675 1778 856 1815 omnibus
893 1778 1011 1816 rebus
1049 1780 1291 1828 spectantem
1328 1782 1526 1818 auctorem

39 1846 112 1897 §4
151 1846 497 1897 deprehendimus3
539 1860 629 1885 nam
666 1859 756 1886 cum
795 1848 942 1886 homini
979 1849 1065 1887 eius
1102 1851 1233 1897 notae,
1272 1849 1385 1888 cuius
1423 1849 1524 1888 Xen.

38 1919 137 1965 erat,
159 1917 240 1954 vita
272 1917 323 1955 sit
345 1929 542 1955 summum
564 1919 712 1956 bonum
723 1917 770 1969 1),
803 1930 997 1956 summam
1019 1919 1250 1968 sapientiam
1271 1920 1357 1958 eius
1382 1920 1526 1958 iudicio

37 1987 77 2025 in
105 1987 173 2025 illa
200 1988 465 2026 conservanda
485 1989 634 2027 versari
655 2001 818 2027 necesse
841 1992 918 2039 est3
950 1990 1083 2040 itaque
1106 1985 1154 2028 ἐκ
1175 1987 1340 2037 παντὸς
1360 1987 1526 2043 τρόπου

37 2055 91 2096 τὰ
123 2053 429 2111 ἀποφευκτικά
462 2054 600 2113 ζητεῖν
631 2071 703 2098 nec
734 2062 814 2098 tam
846 2060 962 2098 facile
993 2061 1040 2098 ab
1069 2060 1271 2099 daemonio
1298 2061 1420 2100 semel
1445 2073 1526 2099 mo-

37 2129 164 2167 nitum
195 2142 218 2167 a
249 2130 513 2168 conservanda
543 2130 624 2168 vita
660 2130 849 2169 desistere
882 2130 1081 2169 Socratem
1119 2131 1279 2170 decebat
1312 2154 1366 2159 —
1398 2132 1527 2170 iudice

36 2199 305 2249 Xenophonte.

157 2281 345 2330 Quoniam
382 2285 513 2321 autem
551 2286 715 2322 mortem
751 2283 837 2333 ipse
868 2283 1047 2322 Socrates
1083 2284 1208 2323 nihilo
1247 2285 1380 2323 minus
1413 2297 1525 2334 prae-

36 2352 198 2401 tulerat,
231 2353 326 2403 quid
356 2354 434 2391 iam
465 2353 574 2392 aliud
604 2354 732 2392 facere
764 2357 915 2403 poterat
945 2367 994 2393 ne
1026 2354 1075 2393 de
1108 2354 1212 2394 Socr.
1246 2355 1438 2405 sapientia
1470 2379 1525 2383 —-

39 2436 155 2474 quam
193 2423 342 2462 scilicet
379 2424 477 2462 deus
515 2427 597 2462 erat
633 2426 818 2463 testatus!
854 2448 907 2453 ——
940 2426 1056 2475 plane
1090 2426 1379 2475 desperandum
1410 2430 1525 2475 esset,

39 2493 115 2532 nisi
146 2497 190 2532 ut
221 2494 387 2533 desiisse
417 2495 495 2532 iam
525 2495 646 2533 vitam
678 2495 827 2533 Socrati
858 2496 1004 2534 bonum
1036 2508 1122 2534 esse
1152 2496 1318 2547 ideoque
1350 2497 1386 2535 ei
1417 2497 1527 2535 illam

39 2564 117 2603 iam
154 2576 231 2603 non
274 2565 405 2604 minus
448 2566 692 2615 fugiendam,
737 2578 854 2616 quam
896 2569 1010 2605 antea
1053 2568 1362 2605 conservandam
1404 2568 1527 2606 fuisse

160 2726 194 2770 1)
229 2726 281 2762 Cf.
308 2727 415 2760 Mem.
436 2727 473 2760 H
495 2727 526 2770 2,
546 2739 578 2765 3:
615 2753 643 2771 „.
666 2753 673 2761 .
696 2753 703 2761 .
743 2733 904 2761 τοσαῦτα
936 2726 974 2760 δὲ
1006 2727 1096 2760 καλὰ
1129 2727 1219 2761 ἰδεῖν
1249 2729 1311 2760 καὶ
1342 2728 1526 2761 τοσούτων

41 2784 194 2828 ἀγαθῶν
218 2789 423 2831 μετασχεῖν,
457 2785 525 2819 ὅσα
559 2787 594 2819 οἱ
618 2787 702 2820 θεοὶ
733 2788 935 2832 παρέχουσι
967 2789 1042 2824 τοῖς
1074 2786 1303 2832 ἀνθρώποις·
1337 2786 1358 2819 ἃ
1392 2786 1434 2829 δὴ
1466 2788 1527 2820 καὶ

43 2844 154 2882 οὕτως
186 2845 276 2890 ἡμῖν
308 2844 409 2878 δοκεῖ
432 2845 570 2883 παντὸς
596 2845 677 2882 ι’ίξια
704 2845 813 2886 εἶναι,
847 2843 937 2879 ὥστε
970 2843 1103 2883 πάντες
1129 2845 1169 2878 τὸ
1194 2846 1409 2879 καταλιπεῖν
1435 2846 1525 2879 αὐτὰ

42 2900 191 2936 πι’ντων
215 2901 375 2949 μάλιστα
402 2905 623 2950 φεύγομεν.“

1268 2974 1314 3009 2*
