1820 3340
1500 272 1551 308 69

71 393 208 441 igitur:
254 390 356 439 „Bez'
387 389 516 435 Plato,
561 388 704 439 inquit,
749 387 945 435 baama-ayt
986 386 1164 424 Soleo-ates
1201 389 1330 422 zum-st
1366 386 1436 434 fiio·
1472 386 1555 423 sich

72 463 154 500 eine
185 461 436 508 Belolmuny,
483 459 591 496 darm
628 459 715 496 aber
752 458 796 495 in
832 457 919 494 sehr
957 457 1278 505 inlconseqaenter
1307 456 1427 493 Wez'se
1457 456 1556 493 zwei

79 531 345 580 Geldstrafen;
388 532 519 566 Ἀταρνεῖ
557 529 639 566 eine
676 528 763 565 sehr
794 527 933 573 kleine,
978 526 1087 564 dmm
1124 526 1207 564 eine
1241 528 1422 574 yrc'jsserc.
1485 525 1556 563 Rei

71 601 288 650 Xenophon
319 600 485 648 dayeyen
515 598 714 635 verxichtet
750 597 926 635 Solinates
957 597 1036 645 auf
1060 597 1172 634 einen
1197 595 1450 644 Strafantrag]
1481 596 1554 632 mit

72 672 137 709 cler
165 683 270 720 qamt
300 669 552 717 einsicletiyen
583 668 859 716 sssotirieruny,
893 667 956 704 ein
988 666 1132 704 solelzer
1158 667 1309 714 Antraq
1342 666 1470 703 murcie
1491 666 1555 703 em

82 740 340 779 Gestc'indniss
373 740 437 777 cleo·
471 739 615 776 Selzuld
644 738 911 775 involvierenf‘
944 736 1030 785 (1.1.
1063 749 1099 786 p.
1126 738 1177 775 79
1195 738 1258 785 s.);
1290 736 1393 773 unde
1425 736 1555 774 Xeno-

69 812 253 861 phontem
286 822 376 847 vera
406 811 550 847 referre
586 808 793 846 concludit.
855 807 905 844 Et
935 807 1002 844 illa
1033 807 1191 856 quidem
1223 810 1327 844 recte
1359 806 1553 855 disputat:

73 884 113 919 at
144 893 238 918 num
270 880 474 917 Platonem
506 891 568 926 ea,
601 890 700 928 quae
732 877 930 915 intellexit
959 877 1199 926 Xenophon,
1238 877 1387 925 fugisse
1419 877 1554 914 existi-

71 953 249 989 memus?
311 950 352 988 Si
383 953 514 987 autem
545 949 667 986 nihilo
699 948 828 985 minus
852 947 999 985 Socrati
1021 947 1233 985 attribuere
1264 959 1341 984 11011
1364 947 1556 984 dubitavit

70 1034 132 1070 ea,
165 1033 263 1071 quae
295 1020 657 1070 interpretationem
695 1022 772 1056 tam
805 1017 1017 1067 ancipitem
1060 1017 1202 1055 habere
1246 1021 1422 1066 possent,
1467 1029 1554 1066 quo,

71 1104 229 1142 quaeso,
261 1091 336 1129 alio
365 1091 452 1140 jure
484 1091 557 1128 1100
588 1090 714 1127 facere
744 1089 885 1126 licebat
906 1101 1023 1138 quam
1044 1100 1105 1135 eo,
1139 1088 1242 1137 quod
1264 1100 1356 1125 vere
1378 1087 1555 1125 Socrates

71 1163 125 1200 ita
156 1162 310 1200 locutus
342 1162 448 1199 erat‘.>
510 1160 609 1198 Nam
646 1160 714 1197 illa
752 1159 911 1209 quidem
955 1158 1174 1206 excusatio,
1220 1170 1296 1207 qua
1338 1170 1407 1195 cur
1445 1157 1555 1195 Plato

73 1232 269 1270 Socratem
299 1232 391 1270 talia
421 1231 644 1280 loquentem
677 1230 852 1277 inducat,
885 1230 939 1266 ita
970 1228 1207 1278 explicatur,
1245 1233 1289 1266 111
1321 1240 1362 1266 se
1393 1228 1555 1265 amicos-

75 1315 150 1352 que
182 1314 272 1340 suos
305 1302 453 1340 Socrati
485 1302 623 1350 opibus
646 1301 728 1338 suis
750 1312 827 1337 11011
849 1299 1022 1337 defuisse
1046 1311 1136 1337 eum
1158 1299 1361 1337 ostendere
1383 1298 1555 1336 voluisse

73 1373 205 1411 dicant
237 1372 415 1423 (Schanz.
442 1372 466 1410 1.
489 1370 547 1421 1.);
586 1383 722 1409 vereor
759 1383 807 1408 ne
846 1370 913 1407 illa
951 1370 1106 1408 0111111110
1144 1381 1221 1407 11011
1253 1369 1303 1407 sit
1334 1368 1556 1418 probabilis.

72 1444 229 1481 Etenim
274 1443 481 1481 consilium
519 1442 620 1479 illud
658 1454 727 1479 cur
764 1441 805 1478 111
843 1441 1001 1479 modum
1040 1444 1119 1478 tam
1150 1439 1368 1477 mirabilem
1399 1443 1556 1488 tamque

73 1515 300 1561 obscurum,
332 1513 426 1563 quin
458 1513 578 1550 immo
609 1515 688 1550 tam
720 1524 952 1561 perversum
983 1513 1214 1549 exsecutum
1237 1523 1327 1548 eum
1359 1521 1445 1548 esse
1467 1521 1556 1547 cen-

73 1596 245 1631 seamus,
277 1596 368 1621 011111
398 1583 476 1620 alia
508 1583 571 1620 via
602 1582 716 1619 facile
748 1586 866 1631 atque
904 1581 1002 1620 adeo
1040 1581 1196 1619 facilius
1233 1580 1364 1618 hercle
1402 1579 1557 1628 excogi-

72 1655 145 1693 tari
176 1658 325 1704 posset,
358 1666 434 1703 qua
463 1653 593 1691 minus
624 1652 805 1701 ambigua
836 1652 940 1690 idem
971 1652 1165 1689 efficeret?

190 1725 314 1762 Immo
345 1724 418 1762 hac
449 1724 615 1762 fortasse
647 1723 796 1761 ratione
819 1735 900 1760 rem
921 1722 1061 1760 melius
1089 1722 1291 1771 explanari
1313 1722 1555 1760 crediderim.

74 1795 253 1834 Socrates
284 1807 419 1833 revera
450 1795 611 1832 alteram
642 1794 752 1831 illam
784 1798 823 1832 et
854 1793 1010 1831 tertiam
1047 1792 1129 1830 litis
1160 1792 1468 1830 aestimationem
1500 1793 1556 1830 fe-

74 1866 175 1904 cisse
207 1866 378 1914 videtur3
410 1865 451 1902 id
483 1863 588 1914 quod
621 1865 667 1902 ob
689 1865 814 1913 ipsam
847 1864 955 1901 illam
978 1875 1135 1901 causam
1156 1876 1178 1900 a
1202 1862 1390 1901 Schanzio
1412 1875 1557 1900 memo-

74 1944 195 1975 ratam
239 1936 451 1973 mirabatur
496 1958 550 1962 ——
594 1947 671 1972 non
716 1935 782 1984 qui
828 1936 1022 1972 Socratem
1060 1934 1190 1983 ipsum
1227 1933 1404 1971 audierat
1441 1936 1558 1982 atque

74 2007 224 2044 viderat
261 2006 474 2053 dicentem,
516 2009 556 2042 at
600 2005 667 2055 qui
704 2006 751 2042 ab
788 2004 877 2042 aliis
916 2005 978 2042 vel
1016 2004 1131 2042 fando
1169 2003 1232 2041 vel
1269 2004 1435 2052 legendo
1473 2003 1557 2041 eius

73 2078 192 2115 verba
221 2076 443 2126 accipiebat.
507 2074 629 2122 Quam
663 2075 934 2112 difficultatem
973 2078 1012 2111 et
1042 2074 1172 2121 Plato,
1212 2073 1278 2123 qui
1311 2074 1480 2121 videbat,
1519 2076 1559 2111 et

74 2148 311 2196 Xenophon,
344 2146 409 2196 qui
443 2146 636 2184 sentiebat
666 2157 767 2193 eam,
801 2145 1088 2194 expediverunt
1111 2156 1180 2182 sua
1202 2148 1366 2194 uterque
1389 2144 1556 2182 ratione:

74 2218 140 2256 ille
171 2218 292 2265 enim,
326 2220 593 2267 praeterquam
628 2216 732 2266 quod
765 2215 1008 2254 velocissimo
1030 2215 1141 2265 quasi
1164 2215 1263 2264 pede
1285 2227 1366 2252 rem
1388 2217 1558 2263 praeter-

74 2289 178 2326 volat
208 2291 247 2326 et
278 2300 366 2326 cum
398 2287 547 2325 incuria
578 2287 743 2336 quadam
778 2286 974 2325 Socratem
1013 2286 1087 2323 ista
1118 2285 1310 2323 dicentem
1343 2284 1436 2322 facit
1473 2284 1558 2333 ejus

75 2359 197 2406 modi,
229 2359 298 2395 vix
328 2361 373 2395 ut
404 2358 525 2395 ullius
559 2357 766 2395 videantur
796 2368 883 2394 esse
915 2356 1100 2394 momenti
1126 2359 1411 2405 tanganturque
1442 2367 1558 2404 quam

76 2429 235 2466 minime
267 2429 484 2477 legentium
521 2427 659 2475 animi,
705 2439 913 2465 concessae
950 2427 1024 2464 hoc
1062 2426 1175 2464 modo
1212 2426 1350 2475 culpae
1388 2425 1558 2475 speciem

76 2500 129 2538 ita
159 2499 367 2549 praecipue
399 2499 517 2549 tollit,
549 2502 593 2536 ut
625 2510 736 2535 verae
758 2497 1020 2535 aestimationi
1042 2497 1269 2546 neutiquam
1292 2495 1560 2534 dissimulatae

77 2570 297 2620 praemittat
327 2569 493 2618 primam
524 2569 631 2606 illam
665 2568 885 2606 confictam:
919 2567 997 2604 iam
1028 2568 1075 2605 de
1098 2567 1237 2616 culpae
1269 2565 1437 2616 quadam
1469 2578 1559 2604 con-

77 2640 246 2678 fessione
296 2651 409 2677 nemo
459 2639 628 2688 cogitare
678 2642 830 2687 poterat
879 2637 1083 2687 omnisque
1134 2637 1294 2675 offensio
1338 2639 1558 2674 evanuerat.

77 2711 293 2760 Xenophon
325 2712 456 2747 autem
495 2721 564 2758 pro
598 2709 659 2746 sui
696 2708 843 2757 ingenii
881 2708 1068 2745 facultate
1104 2707 1211 2745 illam
1250 2706 1560 2745 aestimationem

78 2781 232 2819 omnino
263 2784 396 2829 negat,
430 2780 574 2818 disciso
605 2779 835 2828 simpliciter
865 2779 965 2816 nodo
998 2778 1151 2816 Gordio.
1214 2778 1373 2815 Poetam
1405 2788 1561 2825 semper

78 2852 278 2890 Platonem
309 2851 597 2900 praedicamus:
630 2850 696 2887 hic
726 2850 863 2898 igitur,
896 2849 961 2886 ubi
994 2849 1026 2886 si
1049 2848 1180 2898 aliquo
1201 2848 1285 2885 loco
1306 2851 1388 2885 arte
1409 2847 1560 2896 po'etica

79 2934 177 2971 opus
209 2925 291 2960 erat
322 2921 370 2959 ad
401 2921 585 2958 tuendam
607 2920 814 2958 veritatem
836 2919 962 2969 ipsam
983 2922 1069 2956 tum
1089 2919 1260 2957 maxime
1281 2918 1321 2955 in
1344 2917 1561 2967 periculum
