1820 3340
260 235 341 274 100

258 353 441 402 opinione
471 352 570 389 mire
600 351 819 397 conveniat,
853 354 885 388 et
917 363 1013 399 quae
1034 351 1062 399 ἕ
1087 350 1144 387 32
1165 349 1358 397 dicantar,
1389 350 1603 399 ¹qrandiora
1623 362 1743 400 quam

259 436 355 473 quae
387 423 437 460 acl
467 422 699 471 Apoloyiam
730 421 855 458 solam
885 424 1050 469 ¹spectare
1079 420 1254 470 possint,
1294 421 1345 458 acl
1381 424 1504 458 totam
1543 416 1744 474 ἀπομνη-

257 489 534 544 μονευμάτων
566 504 665 541 opas
696 492 777 529 sint
808 491 1007 540 referenda
1039 491 1089 540 (p.
1115 491 1167 529 25
1188 490 1325 538 -2?).
1374 491 1435 529 En
1466 491 1567 528 illud
1588 503 1746 540 novum,

260 577 335 615 quo
367 564 506 601 lacuna
544 575 567 600 a
599 562 870 600 Bornemanno
907 561 1043 599 relicta
1080 561 1277 610 explenda
1314 565 1397 600 erat
1433 565 1472 600 et
1510 561 1622 599 cuius
1660 573 1746 610 per-

259 634 451 684 sequendi
482 634 607 682 gratia
645 633 743 670 haec
781 632 1054 670 commentatio
1092 635 1172 670 tota
1210 632 1355 681 scripta
1392 636 1463 670 est.
1526 633 1579 669 At
1615 632 1748 670 hercle

258 706 391 744 oleum
428 708 563 742 auctor
606 706 645 741 et
689 715 845 753 operam
889 702 1077 752 perdidit,
1123 715 1212 740 nam
1259 702 1421 751 cogitari
1465 703 1512 741 de
1556 702 1748 740 eiusmodi

259 775 473 825 Apologiae
511 787 600 812 cum
632 773 950 811 Memorabilibus
988 773 1261 811 coniunctione
1304 773 1460 811 omnino
1505 785 1579 810 non
1619 784 1747 822 posse,

261 846 328 884 ubi
350 846 522 895 capitum
544 844 645 883 lib]
672 846 692 882 1
717 849 756 882 et
780 845 802 881 2
836 843 1081 891 memineris,
1114 855 1342 893 cognoscas3
1375 856 1424 881 an
1456 843 1540 881 fieri
1572 843 1747 892 potuisse

260 917 466 955 credamus
504 920 547 953 ut
578 915 619 952 in
656 915 774 952 unius
813 914 1069 963 eiusdemque
1108 914 1196 951 libri
1235 914 1343 952 exitu
1380 917 1514 951 auctor
1551 916 1749 963 repete1et

260 992 298 1026 et
331 986 478 1025 Socrati
508 985 585 1035 ipsi
619 985 825 1036 tribueret,
859 997 957 1034 quae
996 985 1035 1021 in
1069 984 1278 1034 primordio
1318 984 1463 1022 eisdem
1501 984 1582 1022 fere
1620 983 1749 1022 verbis

261 1062 459 1107 tamquam
492 1069 562 1095 sua
593 1056 872 1094 disseruisset?
934 1055 1045 1102 Quod
1078 1055 1327 1104 praeteriisse
1359 1054 1476 1093 etiam
1499 1066 1566 1092 eos
1586 1057 1750 1104 apparet

261 1141 413 1176 omnes,
446 1127 512 1178 qui
545 1126 674 1165 Geeiii
706 1127 966 1164 coniecturam
998 1126 1277 1176 probaverunt,
1311 1127 1419 1163 velut
1441 1125 1677 1175 Sauppius1)
1710 1128 1751 1163 et

262 1199 431 1238 Cobetus
442 1198 482 1249 2).

383 1281 561 1319 Tractata
594 1280 762 1329 denique
794 1280 984 1317 librorum
1015 1279 1289 1328 Xenophontis
1312 1278 1597 1317 Socraticorum
1623 1282 1750 1316 aetate

265 1352 400 1390 eadem
431 1352 513 1389 fere
546 1363 623 1400 qua
654 1350 766 1388 nobis
799 1362 916 1399 supra
947 1350 1096 1388 factum
1129 1353 1188 1388 est
1209 1353 1341 1387 mente
1364 1353 1413 1399 (p.
1439 1350 1644 1399 27—29),
1673 1360 1751 1398 quo

262 1429 435 1471 tempore
466 1422 639 1459 abscissa
660 1433 747 1459 esse
769 1434 790 1458 a
812 1421 963 1470 reliquo
986 1432 1145 1469 corpore
1167 1420 1358 1470 Apologia
1378 1419 1566 1467 videatur,
1599 1419 1751 1469 quaerit

263 1494 313 1543 (p.
345 1493 563 1541 29—32);
609 1497 646 1529 et
691 1491 850 1541 quidem
894 1491 1002 1537 illos,
1049 1491 1190 1539 quibas
1241 1490 1414 1528 Galenus
1459 1485 1578 1540 (περὶ
1621 1485 1752 1541 ἄρθρ.

264 1564 411 1602 XVIII
428 1565 504 1601 301
541 1559 691 1609 Kalen.)
737 1563 780 1599 cle
818 1562 1060 1600 Oeoonomz'ei
1095 1562 1211 1599 initio
1250 1561 1491 1610 obloquatur,
1530 1564 1751 1610 separatam

263 1647 348 1672 eam
380 1638 474 1671 certe
504 1646 584 1671 ozon
616 1633 797 1670 habuisse
835 1633 987 1680 statuit,
1032 1632 1126 1681 qaia
1163 1632 1273 1669 aliter
1308 1632 1430 1669 haias
1467 1631 1631 1668 initiam
1668 1643 1750 1668 ‘non

265 1706 403 1743 minas
429 1717 549 1754 qaam
579 1703 820 1741 Oeconomici
841 1703 1001 1740 allaturi
1021 1702 1182 1752 fuerint.
1241 1702 1384 1740 Contra
1412 1701 1550 1739 Galerii
1572 1701 1751 1750 tempori-

267 1777 338 1813 bus
369 1775 498 1824 ipsias
529 1775 655 1823 faisse
687 1787 771 1812 eam
793 1774 875 1811 iam
896 1777 1116 1822 separatam
1138 1786 1182 1810 er
1205 1773 1269 1810 illo
1292 1773 1369 1810 loco
1390 1784 1582 1822 apparere.
1634 1772 1752 1810 Prae-

265 1851 366 1884 terea
386 1846 611 1895 Epistulam
644 1857 741 1894 qaae
771 1844 897 1894 fertur
921 1844 1205 1882 Socraticorum
1228 1843 1270 1880 X
1278 1843 1314 1880 V
1328 1847 1361 1880 et
1382 1846 1503 1881 artem
1523 1843 1752 1881 rhetoricam

268 1998 292 2029 8
318 1995 452 2036 verbis,
480 2007 523 2029 ea
549 1994 624 2028 vult
649 1994 713 2028 lzoc
739 1994 843 2028 modo
870 2005 945 2027 esse
972 1993 1271 2037 interpretanda:
1304 1992 1436 2035 „dieat
1466 1992 1623 2035 fortasse
1649 1992 1752 2036 qais-

262 2055 367 2099 piam
399 2054 583 2087 Socratem
610 2053 651 2087 cte
676 2052 870 2087 daemonio
897 2064 972 2086 6336
998 2051 1211 2091 mentitam,
1243 2063 1403 2095 namque
1428 2051 1681 2093 daemonium,
1716 2051 1755 2085 si

266 2117 355 2148 esset
387 2113 449 2147 ille
486 2124 523 2146 eo
561 2124 689 2146 revera
726 2123 835 2153 usas,
875 2123 898 2145 a
937 2110 1256 2155 mafflziloqaentia
1293 2110 1363 2144 illa
1399 2109 1753 2154 imprzalentissima

267 2176 459 2207 arcturum
486 2183 569 2205 eam
595 2171 763 2214 faz'sse“‚·
791 2170 847 2204 sic
872 2174 994 2204 autem
1013 2170 1087 2203 ista
1107 2169 1214 2203 rerba
1233 2180 1307 2203 nort
1321 2180 1429 2213 posse
1449 2169 1653 2212 iritelleyere
1671 2168 1754 2202 nisi

267 2232 334 2276 qai
359 2231 579 2275 Apoloyiam
605 2230 731 2274 leym-it
756 2233 786 2263 et
817 2230 1002 2263 Socratem
1035 2232 1110 2262 tam
1144 2228 1341 2272 maym'fice
1372 2228 1473 2271 apud
1503 2227 1646 2261 iratices
1677 2238 1753 2261 esse

267 2292 429 2325 locatam
454 2290 541 2323 inde
566 2289 758 2333 acceperit.
810 2290 856 2322 At
882 2291 921 2322 ut
940 2289 1074 2321 taceam
1095 2287 1251 2330 potuisse
1269 2286 1473 2330 scriptorem
1495 2286 1754 2320 contumaciam

268 2360 288 2383 a
313 2349 455 2383 Socrate
482 2349 514 2381 in
541 2358 647 2382 causa
673 2347 811 2390 capitali
839 2347 986 2380 dicenda
1011 2346 1203 2380 adhibitam
1231 2356 1292 2389 pro
1310 2356 1347 2379 re
1373 2345 1536 2379 omnibus
1561 2346 1754 2379 undecum-

268 2419 335 2451 que
361 2407 561 2447 notissima,
599 2410 634 2440 et
666 2407 767 2440 cuius
805 2408 927 2449 sponte
960 2406 993 2438 in
1027 2407 1181 2438 mentem
1213 2406 1307 2438 esset
1336 2404 1527 2438 lectoribus
1552 2405 1754 2447 venturum,

268 2467 412 2500 habere:
439 2466 481 2499 de
508 2466 730 2499 contumacia
755 2464 814 2498 iila
840 2465 992 2509 cogitare
1019 2464 1052 2497 in
1080 2464 1157 2497 istis
1186 2463 1301 2497 verbis
1331 2463 1473 2497 omnino
1506 2474 1572 2497 non
1606 2464 1754 2507 oportet,

269 2535 357 2569 quae
395 2524 443 2558 ita
482 2525 598 2568 potius
631 2525 795 2558 videntur
826 2523 1061 2567 intellegenda
1099 2533 1192 2556 esse:
1232 2522 1355 2565 „dicat
1391 2522 1542 2556 fortasse
1580 2521 1754 2566 quispiam

270 2595 399 2618 numen
426 2583 601 2627 divinum,
629 2583 658 2616 si
685 2585 779 2617 esset
804 2582 982 2616 Socratem
1016 2582 1080 2616 hac
1112 2583 1209 2615 tanta
1239 2591 1323 2615 cura
1355 2584 1389 2615 et
1419 2581 1531 2625 gratia
1562 2580 1753 2625 dignatum,

269 2643 419 2677 siturum
445 2653 513 2676 non
541 2642 651 2676 fuisse
677 2642 899 2675 inimicorum
925 2640 1061 2674 insidiis
1087 2651 1169 2674 eum
1196 2639 1483 2674 circumvenirist‘

391 2714 424 2755 1)
451 2712 573 2753 „Man
598 2712 694 2745 wircl
719 2712 934 2756 :zityestelzeu
959 2714 1124 2753 massere,
1159 2710 1245 2744 dass
1272 2710 1369 2744 diese
1393 2709 1552 2743 Ansielzt
1576 2709 1660 2743 sehr
1683 2708 1756 2743 viel

269 2772 333 2815 fiir
358 2771 438 2805 sich
464 2771 556 2805 Ιιαΐιι
582 2770 645 2805 1.1.
672 2782 705 2815 p.
720 2770 800 2805 205.
852 2770 958 2804 Addit
982 2770 1058 2813 ipse
1085 2781 1116 2813 p.
1131 2769 1200 2804 206
1231 2768 1348 2803 locum
1379 2768 1480 2812 Diog.
1505 2768 1621 2802 Laert.
1640 2767 1696 2802 ΠΙ
1709 2767 1755 2802 34

270 2837 305 2864 et
337 2830 542 2865 Ciceronem
571 2829 771 2873 Apoloyiae
796 2828 920 2873 ipsias
946 2827 1168 2862 mentionem
1194 2838 1268 2861 wora
1293 2827 1414 2870 faeere
1439 2828 1568 2861 monet.

389 2900 424 2943 2)
460 2899 543 2934 Var.
563 2899 658 2933 Leet.
685 2911 716 2943 p.
733 2899 812 2933 379.
