1820 3340
249 235 304 273 14

367 355 523 402 praeter
560 355 709 391 ceteros
742 351 930 390 amaverit
962 364 1159 402 novasque
1191 352 1381 402 quasdam
1413 352 1591 391 videatur
1622 352 1739 390 fabri-

368 426 488 462 catus·
501 435 607 472 esse,
640 435 757 473 quem
789 423 895 462 vocis
928 416 1225 476 οἰωνιστήριον
1257 422 1296 475 (ξ
1321 423 1388 473 12)
1422 423 1575 461 fabrum
1605 423 1739 473 potius

366 494 567 532 arbitreris
589 506 706 544 quam
727 494 884 544 ipsum?
926 494 1079 531 Rursus
1107 494 1264 532 exsistit
1285 494 1326 531 id
1350 494 1582 533 vocabulum
1603 494 1738 544 paucis

368 565 627 615 posteriorum
657 564 768 602 locis:
803 564 906 614 quod
934 567 1065 603 autem
1094 565 1150 602 eis
1173 565 1354 603 omnibus
1375 565 1503 603 locum
1524 565 1574 603 ad
1595 559 1739 604 οἰωνί-

370 631 525 683 ζεσθαι
552 636 738 674 idoneum
770 635 980 685 significat,
1014 635 1107 685 quid
1140 635 1321 684 interest,
1359 648 1450 674 cum
1480 635 1575 674 item
1606 636 1644 674 vi
1675 648 1740 674 va-

370 706 510 745 riantia
540 703 822 760 κολαστήριον
854 703 1111 761 ὁρμητήριον
1135 706 1184 744 al.
1216 706 1570 745 animadvertamus
1601 709 1642 745 et
1665 707 1741 745 loci

319 816 329 831 ,ἢ
368 777 474 815 notio
512 777 553 814 in
590 777 676 826 ipsa
708 777 982 815 terminatione
1017 776 1176 815 minime
1207 777 1325 815 insit?
1377 777 1419 816 Si
1450 789 1542 816 vero
1574 778 1738 816 interro-

370 848 541 897 gandum
573 848 644 886 tibi
675 848 871 895 videatur,
910 860 979 886 cur
1011 848 1169 886 vocibus
1202 841 1498 902 οἰωνιστήριον
1535 861 1605 898 pro
1638 842 1740 888 οἶώ-

370 930 502 969 νισμα
550 919 669 970 (quotl
713 919 817 968 apud
855 919 1086 968 Euripidem
1124 922 1163 957 et
1206 919 1440 968 posteriores
1485 918 1628 970 exstat)
1667 920 1741 967 vel,

369 990 472 1040 quod
504 988 610 1028 idem
642 993 719 1038 est,
753 985 1108 1043 ἅνδραπόόισιςῑ)
1140 1002 1210 1040 pro
1244 990 1357 1028 solito
1390 985 1743 1042 ἀνδραποδισμός

373 1060 474 1112 §25
508 1061 565 1098 uti
598 1061 765 1110 scriptor
796 1061 993 1110 maluerit,
1026 1061 1154 1110 prius,
1188 1073 1348 1111 quaeso,
1380 1061 1504 1110 dicas,
1537 1073 1607 1099 cur
1636 1061 1741 1100 idem

373 1128 572 1182 κόλασμα
606 1131 695 1180 Cyr.
724 1132 791 1169 ΠΙ
822 1134 857 1181 1,
889 1140 931 1175 19
970 1135 1010 1170 et
1047 1129 1328 1186 κολαστήριον
1365 1132 1480 1171 Mem.
1507 1132 1527 1170 I
1554 1133 1632 1181 4,1
1671 1144 1741 1182 pro

368 1203 514 1240 usitato
547 1198 726 1249 κόλασις
756 1203 941 1253 posuerit.

310 1279 524 1332 εὖδιάιτος
556 1286 593 1336 (ξ
619 1285 684 1333 19)
723 1285 763 1323 in
795 1285 938 1324 litteris
971 1285 1131 1324 Graecis
1143 1287 1170 1335 2)
1209 1298 1405 1336 nusquam
1436 1286 1634 1324 invenitur
1664 1286 1742 1324 nisi

370 1357 411 1394 in
453 1357 628 1395 Pollucis
673 1357 911 1395 onomastico
949 1356 1022 1408 (VI
1052 1358 1104 1395 27
1146 1351 1238 1395 ἔστι
1277 1353 1313 1395 δ’
1353 1351 1494 1396 εἰπεῖν
1531 1350 1743 1410 ἑστιάτωρ

369 1423 588 1480 λαμπρός,
622 1459 629 1467 .
654 1458 660 1465 .
685 1458 693 1466 .
727 1423 1082 1482 ὄιηκριβωμένος,
1115 1422 1345 1476 εὖόιάιτος,
1367 1424 1649 1482 μεγαλόφρων
1671 1459 1678 1467 .
1703 1459 1710 1467 .
1735 1459 1742 1466 .

369 1499 431 1537 IX
461 1500 515 1536 24
562 1492 722 1549 ὁμοίως
773 1494 819 1537 δὲ
867 1497 1026 1552 μικρὰν
1069 1494 1262 1538 ἐπαινῶν
1307 1497 1405 1552 [scil.
1443 1495 1590 1553 πόλιν]
1637 1495 1745 1552 ἐρεῖς

375 1565 599 1621 ἀρκοῦσαν,
634 1601 642 1607 .
666 1600 673 1607 .
698 1600 705 1608 .
729 1563 967 1624 οἰκήσιμον,
992 1564 1224 1609 εὖόίαιτον·
1253 1564 1291 1609 εὶ
1313 1565 1360 1609 δὲ
1384 1565 1553 1623 ψέγοις,
1583 1568 1743 1625 στενήν,

372 1640 585 1693 βραχεῖαν,
617 1635 792 1690 ἀθλίαν,
815 1635 1095 1694 ταλαίπωρον
1103 1657 1115 1690 ,·
1135 1641 1244 1680 Vides
1266 1641 1387 1691 igitur
1409 1642 1623 1691 significari
1644 1654 1744 1689 emn,

372 1712 441 1762 qui
484 1713 525 1749 in
563 1716 742 1750 neutram
779 1716 930 1762 partem
968 1713 1066 1751 bene
1104 1712 1265 1750 vivendi
1308 1713 1468 1750 modum
1511 1713 1742 1762 egreditur):

373 1783 473 1832 ipsis
511 1786 642 1821 autem
681 1783 743 1821 his
774 1783 871 1821 locis
909 1786 1128 1833 temporum
1166 1787 1318 1821 tantum
1354 1783 1562 1833 iniquitate
1599 1784 1745 1822 factum

372 1866 476 1903 esse,
508 1858 553 1892 ut
575 1866 768 1904 nusquam
793 1858 995 1904 appareat,
1030 1855 1125 1892 satis
1147 1854 1332 1892 distincte
1354 1855 1507 1893 ostendi
1528 1855 1746 1905 putaverim

372 1937 501 1975 neque
527 1925 608 1963 ullo
631 1925 716 1963 iure
737 1926 848 1975 Apol.
871 1928 1069 1963 auctorem
1100 1925 1204 1974 ideo,
1237 1925 1327 1975 quia
1358 1937 1402 1964 ea
1429 1938 1523 1964 voce
1554 1937 1650 1964 usus
1682 1926 1745 1973 sit,

371 1996 615 2046 reprehendi.

314 2078 427 2126 Quod
459 2079 629 2129 (lenique
662 2079 712 2116 ad
734 2091 869 2117 vocem
900 2075 1191 2134 μετριοπότής
1222 2078 1346 2131 (giss)
1378 2081 1520 2118 attinet
1551 2083 1590 2118 et
1620 2080 1746 2130 ipsam

374 2150 550 2200 alioquin
594 2162 672 2188 non
717 2154 963 2200 usurpatam:
1010 2151 1098 2200 quis
1142 2154 1218 2199 est,
1263 2151 1330 2200 qui
1367 2151 1619 2200 Xenophonti
1660 2163 1746 2190 eam

375 2221 557 2269 delegare
589 2221 742 2259 dubitet
779 2221 870 2271 plus
903 2225 1078 2259 trecenta
1111 2217 1234 2268 ἅπαξ
1262 2217 1465 2274 λεγόμενα
1497 2222 1746 2260 exhibentem

374 2295 474 2330 teste
507 2292 741 2343 Sauppiosffi)
798 2292 925 2330 Immo
952 2305 1042 2331 vero
1074 2305 1203 2331 nonne
1234 2292 1327 2331 talia
1359 2293 1625 2342 exspectanda
1656 2297 1748 2331 sunt

378 2443 412 2486 1)
439 2442 518 2476 Alia
543 2442 716 2477 eiusmodi
741 2442 777 2476 in
803 2455 858 2481 -ις
884 2443 1052 2477 exeuntia
1079 2442 1179 2480 ἅπαξ
1197 2445 1369 2489 εἰρημένα
1386 2442 1648 2487 Xenophontea
1665 2445 1748 2477 sunt

258 2502 506 2546 παρεγγύησις
537 2503 734 2547 προέλασις
765 2503 925 2544 πώλησις
957 2503 1136 2541 πώλευσις
1169 2502 1282 2546 ψῆξις.
1335 2502 1389 2538 Cf.
1416 2503 1538 2546 etiam,
1565 2503 1596 2536 Si
1621 2501 1746 2546 placet,

259 2559 430 2596 Cobctum
456 2561 585 2595 Mnem.
607 2560 698 2595 1875
725 2572 756 2605 p.
778 2560 832 2604 67,
860 2564 895 2595 et
920 2572 1025 2605 quem
1049 2561 1106 2595 hic
1132 2561 1252 2596 laudat
1277 2561 1490 2596 Lobeckium
1515 2561 1647 2605 Phryn.
1666 2560 1746 2596 351.

378 2619 412 2663 2)
439 2619 599 2663 Excepta
624 2619 853 2663 inscriptione
881 2620 1026 2663 Spartae
1053 2620 1199 2654 inventa
1230 2620 1484 2664 imperatorum
1509 2620 1748 2654 Romanorum

259 2678 403 2721 aetatis,
429 2678 467 2711 in
494 2689 563 2722 qua
589 2678 728 2712 obviam
753 2679 798 2712 fit
824 2678 1020 2717 Εὖδιάιτος
1046 2679 1190 2722 quidam
1216 2679 1309 2723 (CIG
1329 2678 1445 2723 1240).

378 2738 413 2781 3)
445 2737 508 2771 Ed.
542 2739 685 2771 stereot.
712 2737 745 2772 V
768 2737 847 2772 298.
912 2737 1132 2781 Quamquam
1176 2738 1251 2772 eius
1291 2737 1609 2782 computationibus
1645 2737 1747 2773 valde

260 2795 392 2839 officit,
426 2797 518 2840 quod
544 2807 674 2840 genera
699 2807 770 2830 non
796 2796 881 2830 satis
914 2797 1071 2840 apposite
1103 2797 1289 2840 discrevit,
1316 2797 1415 2831 velut
1445 2796 1502 2832 hio
1528 2807 1634 2832 voces
1661 2807 1747 2841 quas

260 2854 384 2888 dicunt
414 2855 596 2890 technioas
630 2855 744 2900 (euius
770 2855 911 2900 generis
945 2857 1029 2899 quot
1059 2855 1183 2890 insunt
1208 2855 1245 2890 in
1269 2856 1363 2890 Xen.
1390 2856 1536 2900 libellis,
1564 2867 1645 2891 cum
1670 2855 1748 2891 aliis

260 2914 336 2947 tum
361 2914 398 2947 in
423 2913 481 2948 lib.
511 2915 552 2949 de
580 2925 618 2948 re
646 2915 802 2959 equestri
828 2917 863 2949 et
890 2914 1136 2959 Cynegeticol)
1163 2926 1182 2949 a
1208 2914 1353 2959 reliquis
1378 2926 1447 2949 non
1475 2915 1663 2960 separavit.
