1820 3340
1441 247 1522 285 163

45 362 126 400 tius
167 365 305 411 arquat
347 361 470 410 inepti
510 361 689 410 fatuique
725 361 946 410 scriptoris;
990 361 1093 410 quod
1128 361 1397 410 Xenophonti,
1442 363 1526 400 nisi

44 445 133 470 eum
170 432 346 470 dicamus
376 444 544 480 prorsus
581 431 632 468 ad
667 431 829 479 infimae
859 431 984 480 plebis
1022 431 1218 481 delapsum
1253 444 1332 470 esse
1362 433 1523 470 humili-

46 507 176 549 tatem,
209 503 376 540 adscribi
408 503 633 551 neutiquam
661 514 786 550 posse.
839 501 1088 553 Rankiusl)
1116 502 1164 540 de
1196 503 1366 552 epistolis
1393 503 1524 541 Xeno-

37 573 180 622 phonti
221 573 436 622 suppositis
477 572 661 610 admonet
703 576 819 621 atque
862 572 1091 621 Apoloyiam
1128 577 1220 622 post
1256 573 1524 611 Memorabilia

42 644 203 681 Iliadem
227 646 318 692 post
349 643 563 680 Homerum
595 655 673 680 esse
705 642 809 680 dicit.
863 641 1142 693 Sauppius2)
1181 644 1221 680 in
1254 643 1381 681 indice
1411 656 1523 682 aceu-

42 714 237 752 ratissimo
281 713 454 751 omnium
499 714 567 763 qui
610 713 656 751 ad
695 713 733 750 id
772 716 926 762 tempus
971 713 1018 750 de
1056 714 1245 762 Apologia
1289 715 1525 764 scripserant

43 785 168 833 Hnyii
209 785 467 834 disputationi
508 784 614 821 haud
656 783 822 821 multum
869 784 1012 832 opponi
1047 796 1164 832 posse
1205 784 1361 822 iudicat.
1438 785 1524 823 Ro-

42 854 296 905 quettius3)
323 855 524 892 ‘stolidum
550 854 804 903 exczyyerandi
828 857 918 903 atqu
944 854 1232 903 eamplificandi
1256 854 1453 893 studium’
1480 856 1524 893 in

41 926 230 975 Apoloyia
272 925 533 974 compluribus
577 925 668 963 locis
705 925 931 974 deprehendi
967 925 1052 963 vult
1088 929 1127 962 et
1164 926 1205 963 in
1242 926 1402 964 consilio
1439 927 1524 964 eius

41 1000 204 1045 angusto
248 1000 360 1046 atque
405 996 534 1033 ieiuno
575 995 747 1033 offendit.
816 995 1158 1045 Hartmanus4),
1203 997 1269 1046 qui
1308 997 1356 1034 de
1393 997 1522 1035 Xeno-

41 1067 197 1116 phontis
223 1067 301 1104 vita
327 1067 586 1116 operibusque
615 1066 691 1103 duo
719 1066 916 1103 volumina
939 1066 1184 1116 conseripsit,
1208 1067 1455 1116 Apoloyiam,
1480 1069 1523 1105 in

41 1150 118 1187 qua
137 1141 290 1187 praeter
317 1138 376 1186 §§
399 1138 563 1175 29—31
590 1137 692 1174 nillil
713 1137 873 1185 legyatur,
903 1137 1004 1185 quod
1026 1150 1104 1175 non
1126 1141 1159 1175 et
1179 1138 1274 1175 alibi
1294 1139 1521 1188 reperiatur,

40 1212 73 1246 et
110 1221 205 1258 quac
242 1221 259 1246 e
296 1208 612 1246 sssemorabilibus
654 1220 840 1256 magnam>
870 1211 1021 1257 partem
1061 1208 1112 1246 ad
1148 1209 1303 1247 verbum
1336 1210 1524 1258 exscripta

39 1292 100 1317 res
129 1280 208 1317 illic
238 1283 412 1317 accurate
443 1283 476 1316 et
506 1279 654 1328 copiose
685 1279 877 1328 cmpos-ilas
904 1279 1031 1316 ieiune
1059 1283 1091 1317 et
1112 1280 1260 1317 exiliter
1285 1280 1433 1326 reddat,
1462 1281 1523 1318 in-

39 1363 151 1388 anem
176 1353 210 1388 et
223 1350 416 1400 puerilem
436 1350 611 1399 appellat
632 1349 939 1387 exercitationem
960 1349 1168 1398 indiynam
1189 1351 1232 1388 de
1254 1363 1330 1400 qua
1352 1351 1522 1388 multum

39 1421 213 1459 disserat.
282 1421 485 1459 Consensu
522 1420 693 1470 denique
731 1420 932 1458 doctorum
970 1421 1011 1457 in
1043 1421 1115 1458 hae
1148 1433 1190 1459 re
1222 1421 1385 1460 mirifico
1417 1421 1523 1459 vide—

38 1492 131 1530 lieet
162 1492 346 1530 effectum
379 1495 452 1539 est,
485 1491 588 1541 quod
620 1490 877 1541 Zellerus5)
909 1491 1118 1540 genuinam
1151 1504 1236 1529 eam
1264 1504 1352 1530 esse
1373 1492 1523 1542 liquido

38 1575 83 1601 ao
113 1562 288 1612 praecise
320 1565 456 1611 negat,
493 1562 675 1611 aliisque,
710 1562 816 1600 velut
847 1562 958 1599 Hirz
972 1562 1082 1610 elio,
1114 1563 1182 1612 qui
1212 1563 1363 1613 reliqua
1393 1563 1523 1601 Xeno-

39 1634 196 1683 phontis
240 1634 384 1683 seripta
438 1633 566 1671 onmia
603 1632 871 1684 pertractatfi),
908 1645 958 1671 ne
994 1634 1194 1671 nominare
1237 1634 1394 1684 quidem
1439 1646 1523 1672 eam

37 1717 176 1754 operae
210 1704 379 1754 pretium
410 1704 576 1742 videtur.

157 1774 282 1822 Quid?
320 1775 559 1813 exstiterunt
595 1774 727 1822 etiam,
766 1774 833 1824 qui
870 1774 981 1824 quasi
1025 1775 1240 1824 theologiae
1285 1775 1523 1813 mediatricis

38 1846 258 1884 nominatae
289 1850 420 1896 partes
451 1845 708 1895 susciperent.
763 1845 1013 1895 Superiorum
1042 1845 1146 1884 enim
1168 1846 1391 1884 nominibus
1414 1859 1523 1896 prae-

39 1917 153 1955 claris
191 1916 558 1967 Beokhausius7)
597 1928 752 1966 quoque
797 1916 891 1954 satis
935 1917 1009 1953 sibi
1047 1917 1203 1955 videtur
1239 1918 1522 1967 praemunitus,

158 2093 191 2135 1)
218 2092 254 2126 F.
274 2091 436 2135 Ranke,
463 2092 515 2126 De
534 2092 787 2136 Xenophontis
814 2091 892 2126 vita
917 2095 948 2126 et
973 2091 1136 2135 seriptis,
1164 2091 1279 2126 Berol.
1304 2091 1410 2134 1851,
1438 2103 1470 2135 p.
1491 2091 1521 2126 6.

156 2152 191 2195 2)
216 2151 467 2195 Xenophontis
485 2162 594 2195 opera
613 2151 677 2193 ΙΙΙ,
702 2151 794 2195 Lips.
817 2150 924 2195 1866,
951 2161 982 2194 p.
1006 2151 1200 2185 117-119.
1239 2151 1269 2184 J.
1290 2151 1337 2184 de
1354 2150 1522 2193 Vuller,

38 2221 142 2254 quem
175 2210 347 2254 Sauppius
379 2210 471 2243 inter
502 2210 717 2244 adversarios
752 2209 938 2253 Apologiae
971 2211 1156 2251 memorat,
1189 2209 1316 2243 thesim
1341 2210 1524 2244 dumtaxat

38 2269 276 2303 dissertationi
301 2269 486 2312 (Diatribe
510 2269 553 2302 in
575 2269 805 2303 Socraticam
831 2269 1044 2312 ἐπαγωγήν,
1074 2268 1177 2312 1832)
1205 2269 1246 2302 de
1273 2279 1314 2302 ea
1339 2269 1522 2309 annexuit,

37 2328 68 2362 J.
92 2328 130 2362 D.
154 2339 184 2361 v.
210 2327 397 2362 Hoevell
424 2327 489 2367 (De
515 2327 768 2372 Xenophontis
790 2327 1039 2372 philosophia,
1066 2328 1149 2361 diss.
1178 2327 1343 2371 Groning.
1372 2327 1476 2370 1840)
1504 2339 1524 2362 a

38 2386 189 2431 Sauppio
226 2387 259 2420 in
299 2387 541 2421 defensoribus
579 2391 783 2421 numeratus
821 2386 870 2420 nil
902 2387 1003 2421 affert
1039 2387 1106 2421 nisi
1143 2398 1213 2420 sua
1249 2386 1523 2431 Xenophontem

38 2445 164 2490 ipsum
189 2446 407 2490 saepissime
432 2449 597 2490 repetere.

157 2505 191 2549 3)
219 2506 288 2539 Ad.
315 2505 546 2549 Roqquette,
573 2504 625 2538 De
644 2504 896 2549 Xenophontis
922 2504 1000 2539 vita
1023 2504 1106 2539 diss.
1144 2504 1340 2549 Regimont.
1378 2505 1521 2539 Boruss.

40 2563 140 2603 1884,
170 2576 200 2608 p.
222 2564 289 2599 100
304 2574 330 2598 s.

157 2624 191 2667 4)
217 2623 248 2657 J.
272 2623 304 2658 J.
329 2623 555 2666 Hartman,
589 2622 766 2657 Analecta
796 2621 1070 2666 Xenophontea,
1104 2622 1213 2666 Lugd.
1252 2622 1328 2656 Bat.
1362 2624 1397 2657 et
1427 2623 1523 2667 Lips.

42 2682 147 2726 1887,
176 2694 206 2726 p.
229 2683 292 2716 111
309 2693 336 2717 s.

156 2742 190 2784 5)
218 2741 378 2784 Zeller,
396 2740 466 2774 Die
483 2741 720 2785 Philosophie
738 2741 801 2774 der
820 2740 1000 2774 Griechen
1016 2740 1062 2783 Il,
1088 2741 1103 2774 l
1119 2741 1136 2766 4
1156 2740 1251 2784 Lips.
1273 2739 1375 2783 1889,
1394 2751 1425 2784 p.
1444 2741 1521 2775 195.

156 2799 191 2842 ὃ)
218 2799 383 2843 Hirzel,
409 2799 482 2834 Der
507 2800 640 2843 Dialoy
665 2800 683 2833 Ι
708 2799 804 2843 Lips.
833 2799 934 2841 1895,
961 2810 992 2843 p.
1015 2798 1209 2834 140—-174.

157 2860 191 2901 7)
217 2859 460 2901 Beekhaus,
487 2859 561 2892 Der
576 2859 732 2902 jun-aere
757 2858 959 2901 Xenophon
982 2858 1060 2891 und
1076 2857 1264 2892 Isocrates.
1307 2857 1523 2901 Zeitschrift

37 2917 102 2961 fiir
127 2918 193 2951 das
225 2917 564 2962 Gymnasialwesen
588 2917 672 2961 XX,
699 2928 731 2961 p.
751 2918 818 2952 255
833 2927 878 2951 ss.

1242 2987 1310 3021 11*
