1820 3340
1480 274 1559 311 105

84 395 118 429 et
147 389 339 440 faeerent’.
403 387 486 435 Quo
516 388 618 437 jure,
652 389 827 437 obsecro,
867 401 916 426 ex
954 388 1036 426 illis
1074 389 1202 426 verbis
1240 389 1337 426 haee
1375 390 1562 427 extorsit?

83 461 134 499 Et
164 460 257 510 quid
287 459 404 497 faciet
436 459 687 508 paragraphis
720 459 833 496 Mem.
859 460 1000 506 5-8,
1042 458 1183 508 quibus
1216 459 1437 509 Xenophon
1475 471 1562 509 per-

82 531 217 580 spicue
248 541 338 567 eum
369 528 564 566 nolentem
597 529 691 566 facit
721 529 761 566 id
790 541 947 578 operam
980 529 1070 566 dare
1102 532 1146 566 ut
1176 542 1199 567 a
1216 529 1415 577 judicibus
1437 530 1563 568 absol-

82 602 218 638 vatur?
250 623 304 627 —
337 599 631 648 Xenophontem
662 599 824 648 denique
850 600 964 637 Mem.
988 600 1013 636 I
1017 599 1052 636 V
1069 601 1108 646 8,
1127 608 1145 641 1
1177 590 1285 649 (εἶτα
1317 596 1383 637 ὅτι
1416 597 1465 638 τὸ
1486 595 1563 649 μὲν

84 666 388 719 ἄχθεινότατον
419 666 522 717 κτλ.)
563 669 606 706 de
646 669 816 707 Socratis
853 669 1088 718 fortitudine
1126 673 1159 707 et
1196 670 1326 707 animi
1361 671 1560 719 maqnitu-

81 741 171 778 dine
199 741 255 778 ita
286 740 410 789 loqui,
443 739 553 777 nulla
583 743 626 776 ut
658 740 844 777 dubitatio
876 743 1077 788 appareat,
1111 753 1209 789 quae
1241 743 1369 778 tamen
1397 745 1561 789 ωηεν-ραν

80 823 126 848 ex
156 810 265 859 Apol.
288 812 308 848 1
340 799 374 862 ᾧ
406 805 479 847 καὶ
513 806 639 863 δῆλον
671 806 733 848 ὅτι
770 815 829 862 τῷ
862 804 948 847 ὄντι
986 807 1119 856 οὕτως
1151 805 1313 864 ἐρ’ῥήθη
1346 807 1434 848 ὑπὸ
1467 811 1559 848 Σω-

81 877 282 932 modiove:
316 884 431 930 ‘quae
462 880 707 929 disputandi,
741 880 885 930 inquit,
917 881 1016 917 ratio
1049 880 1134 917 eius
1165 884 1240 927 est,
1274 882 1343 929 qui
1373 893 1455 918 non
1476 882 1562 918 suis

80 951 161 1000 ipse
192 951 314 988 oculis
344 951 388 988 in
419 951 539 988 vitam
574 950 745 988 Socratis
777 951 961 999 inspexit,
995 950 1061 988 sed
1090 951 1244 995 uuiltis,
1284 963 1380 999 quae
1412 951 1455 988 cle
1492 951 1561 989 So-

77 1025 177 1058 crate
208 1022 347 1070 scripta
378 1025 504 1067 erant,
537 1021 712 1070 perlectis
743 1024 777 1058 et
807 1021 909 1058 inter
938 1034 977 1058 se
1008 1022 1244 1070 comparatis
1282 1021 1326 1058 in
1357 1021 1469 1059 illam
1499 1022 1561 1059 iu-

80 1092 212 1140 quirit.
282 1091 393 1136 Quod
437 1092 480 1129 [Ze
517 1091 787 1140 Xenophonte,
836 1092 905 1140 qui
947 1091 1092 1129 multos
1128 1104 1200 1140 per
1236 1104 1363 1129 annos
1410 1092 1561 1130 Socrate

79 1161 330 1210 familiariter
360 1174 459 1200 usus
489 1162 541 1199 sit
564 1160 699 1214 [unde,
733 1174 892 1211 quaeso,
926 1162 999 1199 hoo
1022 1160 1203 1213 sesturPL
1236 1174 1422 1211 quemque
1444 1163 1558 1208 nihil,

79 1232 182 1281 quod
211 1232 365 1281 quidem
402 1233 453 1270 act
480 1236 762 1281 praeceptorem
801 1232 1099 1270 dilectissimum
1129 1233 1355 1281 pertineret,
1402 1233 1558 1281 fuqerit.

78 1303 156 1340 diei
184 1315 265 1340 non
292 1307 424 1352 potest.
487 1303 599 1340 Hanc
636 1303 758 1351 iqitur
795 1303 838 1340 de
876 1303 1209 1351 maqniloquentia
1246 1303 1417 1341 Socratis
1454 1316 1560 1340 eon-

78 1373 305 1410 ieeturaon
341 1386 423 1411 non
452 1374 601 1422 fecissit
632 1373 875 1422 Xenophon.’
935 1374 1003 1420 At,
1048 1376 1091 1410 ut
1128 1373 1206 1410 alia
1243 1376 1409 1421 taceam,
1454 1374 1559 1411 idem

76 1442 295 1493 Xenophon
327 1444 492 1482 eundem
527 1443 723 1482 Socratem
752 1443 845 1481 facit
865 1444 991 1493 primo
1013 1444 1280 1482 defensionem
1303 1444 1557 1482 meditantem

74 1513 190 1551 aliam
224 1514 374 1552 seilicet
410 1518 526 1564 atque
557 1527 642 1552 eam
673 1514 882 1552 orationem
915 1526 1033 1564 quam
1071 1515 1224 1552 habuit:
1270 1527 1361 1563 ergo
1400 1515 1560 1552 minime

75 1584 112 1621 ei
144 1584 347 1622 Videbatur
390 1597 439 1622 ex
481 1585 636 1633 ingenio
669 1585 838 1623 Socratis
875 1597 896 1622 a
937 1585 1074 1634 priori,
1118 1588 1163 1622 ut
1201 1585 1434 1623 scholastica
1470 1589 1559 1623 utar

75 1654 281 1705 latinitate,
314 1668 390 1705 qua
415 1655 562 1693 ratione
593 1668 634 1694 se
657 1655 893 1693 defensurus
915 1658 1037 1702 esset,
1070 1656 1124 1693 ita
1155 1659 1198 1693 ut
1219 1655 1304 1693 vult
1327 1655 1557 1705 Caspersius

74 1725 258 1763 constitui
289 1726 472 1774 potuisse.

196 1797 230 1832 2.
276 1796 360 1833 Iam
391 1797 440 1834 ad
472 1796 640 1834 Socratis
672 1809 761 1834 eum
794 1797 1040 1845 Hermogene
1071 1796 1310 1846 colloquium
1349 1808 1558 1846 aggressus

76 1877 173 1914 quae
203 1866 318 1913 clare,
352 1867 544 1913 distincte,
578 1867 765 1916 eleqanter
795 1867 1012 1916 exposuerit
1043 1867 1281 1916 Xenophon,
1315 1879 1359 1904 ea
1390 1867 1555 1905 obscure.

75 1936 144 1984 ait,
177 1939 210 1973 et
232 1949 382 1985 parum
413 1941 586 1975 accurate
617 1938 662 1975 ab
694 1938 904 1986 Apoloqiae
935 1941 1088 1975 auctore
1118 1938 1248 1984 reddi;
1286 1938 1396 1986 atqui
1426 1938 1557 1975 Xeno-

74 2006 272 2055 phontem,
304 2007 342 2044 si
370 2011 577 2046 retractare
606 2021 688 2045 rem
717 2008 900 2046 voluisset
931 2008 1129 2057 sinqulari
1160 2008 1366 2057 Apoloqia,
1399 2008 1558 2046 uberius

74 2077 211 2114 omnia
242 2078 327 2115 sine
358 2078 474 2116 dubio
511 2082 623 2127 atque
654 2079 834 2116 ornatius
870 2079 1124 2127 repetiturum
1161 2079 1297 2127 fuisse.
1361 2078 1403 2115 Id
1438 2078 1558 2127 igitur

75 2147 203 2196 ipsum
235 2148 535 2198 Xenophontem
567 2149 652 2187 vult
683 2150 810 2187 faeere
842 2149 1042 2198 debuisse,
1076 2149 1176 2198 quod
1211 2149 1244 2187 si
1273 2150 1417 2187 factum
1442 2154 1556 2187 esset.

74 2229 265 2256 summam
298 2223 469 2258 moveret
501 2220 778 2269 suspicionem,
811 2231 860 2258 ne
891 2232 913 2257 a
934 2219 1090 2257 falsario
1119 2219 1355 2259 luderemur.
1381 2242 1434 2247 -—
1458 2219 1553 2257 Tum

75 2288 116 2326 in
148 2288 389 2338 singularum
420 2303 548 2329 rerum
588 2291 940 2329 considerationem
978 2290 1219 2328 descendens
1256 2290 1408 2328 collatis
1440 2290 1555 2328 Mem.

75 2357 100 2409 ξ
124 2360 149 2397 4
187 2363 226 2397 et
265 2361 373 2410 Apol.
398 2362 421 2399 3
467 2362 587 2411 huJ'us
624 2365 817 2399 auctorem
854 2361 1018 2399 (leterius
1060 2373 1142 2398 rem
1183 2361 1346 2409 qessisse
1388 2360 1554 2409 judicat:

80 2432 277 2479 ‘namque,
321 2431 465 2481 inquit,
514 2432 583 2481 qui
625 2432 820 2470 Socratem
858 2431 1055 2480 defendere
1094 2431 1235 2468 volebat
1276 2432 1321 2478 (et
1358 2431 1426 2468 hoe
1463 2435 1556 2469 certe

72 2501 242 2538 auctoris
272 2502 482 2551 Apoloqiae
512 2503 658 2551 maqis,
693 2514 812 2551 quam
844 2501 1115 2551 Xenophontis
1146 2502 1245 2550 fuit,
1279 2502 1349 2550 qui
1378 2501 1555 2539 universe

74 2569 118 2607 de
152 2570 304 2609 Somate
334 2572 585 2624 disputaretJ:
623 2573 659 2610 is
694 2572 794 2610 illud
830 2584 950 2621 quam
986 2572 1156 2609 maxime
1194 2584 1491 2609 commemorave
1523 2576 1556 2609 et

72 2641 258 2690 eoeptieare
294 2642 436 2689 debuit,
482 2656 572 2681 eum
614 2643 811 2680 studuisse
848 2654 1008 2691 semper,
1052 2645 1096 2679 ut
1140 2654 1236 2691 quae
1265 2642 1382 2691 justa
1419 2646 1553 2680 essent.

74 2723 172 2760 quae
208 2712 359 2750 iniusta
402 2713 644 2762 intelliqeret,
689 2714 794 2750 iusta
836 2713 991 2761 faeeret,
1037 2712 1083 2749 ab
1120 2712 1285 2749 iniustis
1322 2712 1554 2750 abstineret'.

77 2781 134 2820 Of.
167 2794 283 2832 supra
314 2795 351 2832 p.
377 2784 445 2821 27.

193 2854 229 2892 3.
261 2854 410 2892 Deinde
439 2855 549 2892 verba
580 2852 606 2908 ἢ
637 2849 685 2892 ἐκ
715 2857 791 2892 τοῦ
817 2850 942 2905 λόγου
964 2847 1227 2899 οἰκτίσαντες
1247 2850 1272 2906 ἢ
1295 2846 1556 2904 ἐπιχαρίτως

73 2915 294 2974 εἰπόντας,
326 2928 601 2973 praeterquam
633 2924 735 2973 quod
765 2924 994 2973 difficultate
1030 2923 1288 2972 qrammatiea
1325 2923 1432 2960 haud
1466 2935 1555 2960 eon-
