1820 3340
275 242 329 280 98

272 359 425 397 Anrede
457 359 509 396 ist
540 370 620 396 nur
650 358 710 396 die
731 358 840 407 Rilye
875 358 940 396 der
968 358 1311 407 Unyereehtiylceit,
1345 358 1450 397 nieht
1471 359 1535 397 ein
1558 359 1763 397 Ausdmaek
1789 355 1805 411 ξ’

273 429 338 467 des
372 429 517 467 Zornes
549 428 638 467 oder
670 428 853 466 Hohnes’.
1788 416 1798 434 ²

392 511 529 549 Fuisse
561 511 669 548 illam
701 510 976 560 Xenophontis
1008 514 1180 549 mentem
1211 523 1282 561 pro
1313 514 1418 550 certo
1450 512 1655 561 habemus,
1693 511 1763 550 sed

274 585 482 620 exsecutus
514 592 603 620 esse
635 581 740 631 quod
771 581 897 619 voluit
928 593 1046 619 manu
1077 593 1156 619 non
1187 581 1303 631 plane
1324 582 1431 620 felici
1460 582 1571 620 nobis
1592 579 1762 629 videtur,

273 657 318 690 ut
349 663 467 702 supra
498 651 550 702 (p.
575 651 644 704 20)
677 651 862 690 diximus.
914 653 1044 702 Atque
1072 663 1225 690 summo
1254 652 1339 690 iure
1360 652 1624 691 Bornemanni
1645 652 1763 691 etiam

274 722 323 760 de
355 722 469 760 Mem.
491 722 551 760 IV
574 723 597 760 8
632 723 827 760 sententia
857 722 1073 771 improbata
1105 722 1352 761 transtulisse
1375 723 1514 772 potius
1539 723 1609 761 illa
1629 722 1764 761 Xeno-

268 793 458 843 phontem
500 805 547 830 eoe
589 792 781 842 Apoloyia
817 793 863 830 in
899 793 1172 830 Memorabilia
1207 793 1407 842 posterius
1449 794 1594 843 scripta
1636 792 1763 843 ponit;

279 863 348 902 sed
379 864 511 901 minus
549 863 732 902 assentiri
770 863 805 901 ei
836 874 1049 912 possumus
1086 863 1314 902 discrimina
1349 864 1405 901 ita
1441 863 1684 913 expedienti,
1721 867 1766 902 ut

274 934 320 971 in
352 934 532 972 librarios
555 934 829 983 plurimarum
870 934 1026 983 culpam
1063 933 1315 972 derivandam
1352 947 1432 972 esse
1468 937 1644 984 oenseat3
1691 934 1766 972 ‘die

274 1005 441 1042 anderen
484 1005 812 1053 Abu-eiehunyen,
858 1004 985 1054 inquit
1022 1017 1059 1054 p.
1084 1006 1210 1052 2157,
1255 1017 1290 1043 z.
1319 1005 1364 1043 B.
1397 1006 1511 1043 Mem.
1543 1003 1574 1057 ἕ
1597 1006 1635 1052 6,
1674 1004 1767 1043 sind

273 1088 379 1125 yanz
419 1078 575 1124 yemass
607 1076 672 1113 der
707 1075 971 1113 solcratisehen
1008 1075 1356 1124 Beweisfu'hruny,
1401 1075 1462 1113 die
1504 1075 1611 1114 nieht
1651 1087 1767 1124 ⁸qerne

275 1147 340 1184 ein
383 1146 608 1195 Mittelqlied
654 1146 917 1195 ilbersprinqt,
968 1146 1053 1183 und
1094 1146 1154 1184 die
1196 1146 1424 1184 Antithesen
1467 1146 1562 1184 liebt.
1634 1146 1766 1184 Xeno-

268 1217 381 1266 phon
409 1216 482 1265 yab
513 1217 559 1254 in
590 1216 664 1254 den
693 1216 901 1254 Memorab.
933 1216 1117 1254 vielleicht
1148 1217 1246 1254 noch
1278 1220 1403 1255 treuer
1432 1216 1586 1264 wieder,
1617 1229 1701 1254 was
1727 1229 1767 1255 er

275 1288 321 1325 in
352 1287 418 1325 der
438 1287 623 1336 Apoloqie
654 1287 875 1325 absiehtlieh
896 1287 1038 1325 lcitrxer
1062 1288 1208 1336 yefasst
1229 1287 1331 1325 hatte
1339 1287 1358 1325 ³.
1410 1287 1494 1326 Neo
1514 1288 1617 1337 plus,
1639 1287 1766 1334 eredo,

278 1357 445 1395 valuerit
476 1358 580 1406 quod
611 1370 649 1407 p.
675 1358 788 1396 2156
821 1357 996 1396 disserit:
1032 1357 1136 1395 ‘Wir
1156 1357 1293 1406 finden
1314 1358 1387 1396 den
1416 1358 1607 1396 Umstand
1626 1358 1766 1396 berner-

277 1429 482 1475 kenswert,
515 1429 607 1466 (lass
638 1428 696 1466 bei
726 1428 826 1466 Xen.
859 1428 918 1466 die
949 1428 1049 1466 Rede
1087 1428 1181 1466 doeh
1217 1429 1338 1466 durch
1375 1429 1440 1467 des
1470 1428 1630 1467 Meletus
1668 1429 1767 1466 Ant-

276 1503 372 1537 wort
409 1499 556 1537 einmal
592 1499 868 1537 unterbroohen
903 1499 1014 1537 wird.
1076 1499 1160 1537 Ein
1197 1499 1447 1537 Nachahmer
1482 1500 1614 1538 wilrde
1656 1503 1766 1538 entw.

277 1570 360 1607 sich
396 1583 449 1607 an
494 1570 554 1608 die
595 1570 690 1608 Sitte
733 1570 800 1607 der
843 1570 1015 1608 Geriehte
1049 1570 1223 1619 yehalten
1265 1570 1405 1617 haben,
1449 1583 1528 1617 wo,
1573 1573 1673 1608 trotz
1703 1570 1768 1608 des

277 1640 535 1678 rhetorisehen
573 1636 755 1687 δειξάτω
800 1634 843 1678 ἓν
885 1643 946 1694 τῷ
991 1634 1079 1692 ἐμῷ
1123 1636 1266 1688 ὕδατι,
1311 1641 1396 1678 und
1439 1640 1661 1690 unyeaehtet
1703 1640 1768 1679 des

285 1711 478 1757 Gesetxes,
513 1711 583 1748 das
614 1711 687 1749 den
726 1711 877 1760 Geyner
906 1723 960 1748 zu
991 1715 1208 1749 antworten
1238 1711 1489 1761 verpfliehtete
1517 1710 1645 1764 (Apol.
1668 1711 1766 1750 Plat.

277 1793 306 1819 ο.
328 1782 380 1819 13
403 1794 445 1830 p.
471 1779 584 1832 25⁶),
630 1781 723 1819 doeh
760 1782 826 1819 der
860 1781 1022 1830 Vortrag]
1060 1781 1161 1819 wohl
1197 1781 1304 1819 nieht
1341 1782 1451 1820 leieht
1487 1782 1607 1820 durch
1643 1782 1768 1831 Fra-qe

277 1852 362 1889 und
383 1853 561 1889 Antwort
592 1852 868 1890 unterbroehen
889 1852 1040 1899 wurde,
1075 1874 1130 1879 —-
1163 1853 1252 1890 oder
1272 1853 1337 1890 der
1357 1852 1603 1890 Naehahmer
1622 1853 1765 1899 wilrde,

278 1922 365 1959 dem
385 1922 573 1972 Beispiele
605 1923 671 1960 der
692 1923 792 1961 Plat.
815 1923 1000 1972 Apoloyie
1019 1922 1192 1972 folyend,
1224 1923 1296 1960 den
1316 1922 1426 1961 Sokr.
1448 1923 1509 1961 die
1536 1923 1767 1972 Gespra'chs-

276 1993 381 2041 form
415 1993 597 2043 lesa'ufiyer
628 1994 750 2031 haben
782 1994 974 2031 brauehen
1006 1992 1162 2031 lassen'.

805 2154 836 2209 ξ
864 2154 908 2197 6.
960 2154 1028 2197 De
1062 2154 1244 2198 Geelio.

398 2250 516 2288 Haud
539 2250 730 2289 satisfecit
745 2251 1044 2288 Bornemannus
1067 2250 1250 2299 Geelio‚
1273 2251 1339 2301 qui
1361 2251 1473 2289 illum
1497 2252 1767 2302 quaestionem

280 2333 360 2359 non
390 2321 550 2370 penitus
581 2321 813 2359 exhausisse
844 2325 951 2359 ratus
982 2321 1068 2371 ipse
1101 2321 1286 2370 quaedam
1324 2322 1466 2360 addere
1503 2322 1673 2361 instituit
1708 2336 1766 2361 ra-

280 2392 384 2429 tione
416 2403 507 2429 vere
538 2390 824 2441 Xenophonteo,
835 2390 874 2443 1).
937 2391 1205 2441 Supplendam
1236 2392 1342 2430 enim
1378 2392 1487 2431 iuius
1518 2397 1766 2442 argumenta-

280 2462 427 2499 tionem
458 2461 512 2499 ita
543 2473 630 2500 esse
661 2465 810 2511 censet,
844 2466 888 2500 ut
919 2462 1206 2500 demonstretur
1236 2475 1317 2500 non
1347 2461 1406 2515 ἐξ
1429 2464 1571 2502 3-10
1602 2468 1766 2510 tantum,

280 2532 347 2569 sed
378 2536 501 2569 totum
537 2533 788 2570 resecandum
831 2545 910 2571 esse
940 2533 1054 2571 Mem.
1092 2536 1205 2583 eaput
1242 2533 1432 2571 ultimum
1463 2538 1576 2584 atque
1606 2535 1650 2573 in
1681 2535 1767 2573 eius

282 2602 409 2640 locum
440 2603 673 2652 Apoloyiam
703 2604 980 2652 reponendam,
1013 2616 1143 2641 veram
1166 2607 1199 2641 et
1212 2604 1432 2652 pristinam
1452 2605 1768 2643 Memorabilium

281 2673 576 2711 eonelusionem.

405 2848 437 2889 l)
463 2847 535 2880 Jac.
565 2846 650 2881 Geel
677 2847 778 2890 (prof.
806 2848 841 2881 et
867 2846 1148 2881 bibliothecarius
1173 2846 1408 2891 Lugd,Bat.),
1436 2847 1487 2881 De
1512 2847 1766 2892 Xenophontis

282 2904 387 2947 Apol.
417 2904 515 2938 Soer.
543 2917 586 2939 ae
606 2909 791 2949 postremo
818 2905 936 2949 eapite
961 2905 1068 2940 Mem.
1095 2905 1351 2939 commentatio
1379 2906 1481 2941 1836.
1515 2907 1560 2941 32
1574 2917 1649 2951 pag.
1666 2907 1703 2940 in
1716 2907 1765 2941 4⁰.
1819 2919 1820 2931 ¹
