1820 3340
251 269 303 306 70

243 388 436 433 vocatam,
481 384 515 421 si
552 383 651 421 nihil
688 382 796 421 aliud
833 382 909 420 nisi
948 394 1047 432 quae
1084 393 1178 420 vere
1217 382 1322 420 dicta
1361 385 1474 421 erant
1504 382 1733 430 rettulisset,

243 459 381 506 poetae
418 455 532 492 illum
571 453 724 491 muneri
756 453 998 491 satisfecisse
1036 465 1105 490 cur
1142 464 1214 490 nos
1250 453 1464 491 concedere
1500 455 1733 502 gravemur?

243 528 373 575 Atque
405 524 718 563 aestimationem
750 524 858 561 illam
888 536 911 561 a
941 523 1106 561 Platone
1138 523 1337 561 inventam
1375 535 1452 562 non
1490 535 1604 572 posse
1641 535 1733 562 vere

242 610 265 635 a
297 596 454 634 Socrate
485 607 572 633 esse
610 595 753 632 factam
790 593 957 644 liquide,
1004 593 1081 631 nisi
1125 593 1222 631 mire
1265 593 1394 643 fallor,
1438 593 1530 631 inde
1560 599 1732 643 apparet,

240 668 347 717 equod
377 666 595 715 Xenophon
627 677 712 702 eam
744 663 955 713 ignorat1):
1000 664 1108 713 atqui
1148 664 1181 701 si
1218 676 1263 702 ea
1293 676 1384 702 vera
1415 667 1536 712 esset,
1579 676 1733 714 percre-

241 738 413 775 bruisset
444 736 561 774 talius
594 735 797 785 superbiae
829 738 909 773 tam
939 734 1137 772 inauditae
1170 735 1272 772 fama
1308 735 1453 784 ubique
1491 735 1576 772 sine
1616 735 1732 772 dubio

242 808 367 857 magis
399 819 517 857 quam
547 806 670 844 ullius
702 806 759 844 rei
789 805 891 843 alius
922 805 963 843 in
994 805 1060 842 illa
1092 804 1265 843 oratione
1296 805 1422 844 dictae
1453 809 1493 844 et
1523 805 1572 842 ad
1603 805 1733 843 Xeno-

242 880 431 929 phontem
468 889 623 927 quoque
661 876 916 926 pervenisset.
979 876 1076 913 Utut
1114 887 1205 914 vero
1243 875 1292 913 de
1330 878 1462 914 nostra
1498 876 1556 913 rei
1593 875 1733 913 enoda·

242 950 347 987 tione
382 948 638 998 judicabitur,
677 947 778 984 illud
815 949 898 984 arte
936 946 1151 984 tenendum
1189 949 1228 984 et
1263 946 1404 984 acriter
1440 945 1733 984 defendendum

242 1021 316 1058 erit
347 1032 432 1058 eam
463 1019 789 1066 aestimationem,
835 1030 912 1068 qua
950 1017 1127 1056 Socrates
1164 1020 1208 1054 ut
1245 1029 1322 1054 una
1359 1016 1547 1066 primum,
1591 1017 1733 1056 deinde

242 1095 286 1129 ut
317 1090 477 1139 triginta
508 1089 625 1128 minis
657 1090 847 1127 multetur
877 1092 1005 1137 rogat,
1038 1101 1060 1126 a
1090 1088 1254 1126 Platone
1287 1088 1490 1126 confictam
1518 1099 1597 1125 non
1618 1099 1733 1137 posse

241 1161 348 1211 duci3
396 1164 514 1211 atque
556 1160 698 1199 fecisse
734 1160 835 1197 illud
874 1159 1053 1198 Socrates
1097 1159 1185 1197 ideo
1223 1162 1283 1196 est
1321 1158 1438 1197 etiam
1480 1158 1732 1208 probabilius,

242 1232 333 1282 quia
364 1232 474 1280 leges
506 1231 544 1268 id
572 1231 657 1269 fieri
678 1231 880 1280 jubebant,
913 1231 1057 1280 quibus
1080 1242 1156 1279 qua
1177 1229 1463 1277 observatione,
1496 1229 1732 1279 quinimmo

241 1302 429 1351 religione
462 1301 810 1351 obtemperandum
841 1313 928 1339 esse
961 1301 1036 1339 sibi
1068 1303 1260 1338 statutum
1281 1300 1341 1337 vir
1362 1299 1582 1348 habuisset,
1615 1300 1733 1338 docu-

240 1376 419 1410 mentum
453 1372 649 1410 Critonem
682 1371 795 1409 Plato
827 1371 937 1409 nobis
969 1371 1130 1420 reliquit
1161 1370 1311 1408 animos
1342 1370 1594 1409 vehementer
1626 1382 1729 1408 com-

241 1455 414 1482 movens.

360 1513 443 1561 Quo
475 1513 596 1562 igitur
627 1513 770 1562 majore
803 1512 1126 1551 dissimilitudine
1165 1515 1204 1549 et
1241 1511 1421 1561 pluribus
1459 1511 1731 1561 discrepantiis

239 1583 524 1634 Xenophontea
555 1584 832 1633 Platonicaque
864 1583 1056 1632 Apologia
1086 1583 1189 1620 inter
1221 1594 1263 1620 se
1296 1581 1546 1631 distinentur,
1579 1594 1623 1620 eo
1661 1582 1731 1620 mi-

240 1667 376 1693 norem
413 1658 524 1704 patet
561 1655 785 1693 facultatem
824 1666 927 1705 esse,
973 1666 1018 1692 ea
1055 1665 1155 1703 quae
1194 1653 1417 1691 communia
1455 1656 1547 1691 sunt
1584 1665 1731 1701 earum,

239 1726 293 1764 ita
314 1725 612 1775 interpretandi,
645 1729 689 1762 ut
712 1726 813 1762 hanc
844 1725 953 1762 illius
985 1724 1134 1762 auctori
1164 1724 1206 1762 in
1238 1724 1418 1762 manibus
1450 1724 1574 1762 fuisse
1595 1724 1731 1762 existi-

240 1809 410 1846 1nemus3
456 1797 574 1834 immo
607 1797 805 1834 enimvero
836 1808 972 1834 revera
1010 1807 1096 1833 esse
1135 1795 1192 1832 sic
1228 1795 1401 1832 locutum
1441 1793 1637 1833 Socratem
1681 1806 1732 1832 ex

240 1867 524 1906 convenientiis
567 1867 646 1905 illis
686 1867 759 1904 erit
797 1866 1128 1904 concludendum:
1177 1866 1288 1904 velut
1325 1865 1513 1903 Meletum
1556 1877 1605 1903 ex
1649 1865 1731 1903 suis

242 1938 371 1976 verbis
403 1938 670 1987 convicturus,
703 1937 742 1974 id
775 1938 878 1987 quod
910 1937 1026 1975 toties
1057 1940 1172 1974 antea
1202 1936 1349 1974 fecerat
1379 1935 1730 1974 innumerabilibus

240 2009 482 2057 hominibus,
514 2009 617 2046 inter
648 2008 861 2046 orationem
893 2020 1004 2046 suam
1035 2007 1366 2057 percontationem
1388 2006 1545 2045 videtur
1575 2006 1729 2044 fecisse.

240 2080 423 2118 Ceterum
455 2079 554 2117 illud
585 2079 976 2117 animadvertendum
1008 2082 1068 2116 est
1098 2078 1202 2128 apud
1231 2078 1433 2115 Platonem
1458 2089 1556 2127 opus
1578 2077 1730 2126 dialogo

239 2162 325 2189 esse
356 2150 404 2188 ad
435 2150 682 2200 assequenda
714 2162 774 2198 ea,
814 2161 914 2199 quae
947 2149 1123 2188 Socrates
1155 2148 1253 2197 agit,
1291 2149 1394 2197 apud
1425 2147 1729 2197 Xenophontem

239 2221 337 2258 nihil
370 2233 460 2258 eum
493 2221 664 2270 proferre
702 2221 779 2258 nisi
812 2232 911 2269 quae
944 2219 1060 2257 etiam
1094 2219 1264 2257 oratione
1296 2218 1478 2256 continua
1510 2218 1587 2256 dici
1619 2222 1728 2268 pote-

237 2295 341 2340 rant3
375 2295 492 2341 atque
523 2291 628 2341 apud
659 2291 830 2329 eundem
861 2290 915 2328 ita
946 2294 1158 2339 utrumque
1185 2289 1310 2339 loqui,
1343 2289 1459 2339 quasi
1481 2288 1630 2327 occasio
1661 2288 1728 2326 ad-

238 2362 421 2400 versariis
443 2365 556 2400 antea
578 2361 688 2399 nulla
714 2361 835 2399 fuerit
856 2360 1213 2410 expromendarum
1235 2359 1563 2397 criminationum.
1615 2358 1728 2397 Unde

238 2433 317 2470 utri
347 2434 472 2480 magis
504 2432 706 2470 fidendum
738 2432 805 2481 sit,
839 2435 977 2481 sponte
1008 2434 1180 2481 apparet.

357 2503 506 2541 Deinde
538 2503 656 2541 etiam
694 2505 783 2552 post
817 2502 1032 2552 judicatam
1070 2514 1152 2540 rem
1190 2501 1404 2539 orationem
1442 2499 1641 2538 Socratem
1678 2499 1728 2537 ad

236 2572 388 2622 judices
420 2573 645 2612 adhibuisse
677 2573 834 2611 tertiam
866 2585 917 2610 ex
948 2572 1218 2622 Xenophontis
1250 2571 1502 2621 Platonisque
1534 2581 1727 2609 consensu

238 2643 312 2682 erit
342 2644 610 2693 efficiendum3
644 2656 772 2694 neque
798 2656 867 2682 cur
888 2643 1144 2681 condemnato
1177 2637 1219 2680 ἐν
1251 2632 1285 2694 ᾧ
1317 2636 1356 2680 οἳ
1381 2637 1576 2694 ἄρχοντες
1598 2636 1722 2690 doxo-

238 2710 334 2752 λίαν
365 2709 513 2766 ἄγουσι
547 2727 672 2764 pauca
703 2715 819 2752 verba
849 2715 977 2752 facere
1005 2714 1042 2751 ei
1064 2726 1142 2751 non
1163 2713 1333 2761 licuerit,
1367 2724 1523 2750 causam
1545 2712 1726 2761 equidem

237 2785 359 2822 ullam
391 2786 556 2824 invenio.
609 2787 667 2823 Ac
698 2785 818 2823 talem
850 2797 948 2836 rem,
981 2784 1135 2823 etiamsi
1155 2784 1250 2822 alias
1273 2783 1402 2821 minus
1434 2783 1552 2821 fuerit
1572 2782 1725 2829 usitata,

358 2935 392 2977 1)
420 2934 473 2970 Of.
501 2945 607 2979 supra
632 2946 664 2979 p.
684 2934 741 2968 41.
