1820 3340
258 214 312 252 24

256 331 407 381 possint
457 331 540 370 iure
589 331 778 370 concludi.
855 331 926 370 Oui
977 332 1075 370 haec
1123 332 1411 382 responderim:
1463 333 1636 383 primum
1684 332 1751 372 ubi

255 402 469 440 lectionum
499 401 609 439 nulla
641 401 692 440 sit
722 402 986 451 discrepantia
1016 414 1061 440 ac
1092 414 1140 440 ne
1171 402 1211 440 in
1238 403 1335 452 ipsis
1357 403 1516 453 quidem
1539 403 1752 454 quidquam

256 473 351 510 insit
382 484 458 522 quo
490 472 662 521 suspicio
694 475 897 510 moveatur
927 472 1076 522 aliqua,
1108 473 1337 522 praesertim
1370 474 1403 511 si
1435 474 1541 512 idem
1572 474 1753 513 omnibus

258 543 339 581 illis
371 543 489 581 rebus
517 542 681 580 minutis
702 541 763 594 (ut
784 539 864 596 hic)
888 543 1099 591 efficiatur,
1132 555 1176 582 ea
1204 555 1280 593 qua
1307 556 1378 582 nos
1406 544 1575 583 fecimus
1605 544 1753 583 ratione

258 613 370 652 libris
403 625 520 651 manu
543 613 702 662 scriptis
724 616 910 663 tanquam
932 613 1186 652 fundamento
1208 614 1494 664 disquisitionis
1515 615 1575 653 uti
1596 615 1754 654 omnino

257 684 408 722 licitum
440 695 544 733 esse3
578 683 720 722 deinde
751 683 966 722 mutavisse
997 684 1037 722 M
1069 687 1108 722 et
1140 685 1319 723 consulto
1350 685 1583 735 mutavisse,
1615 685 1753 735 putida

258 754 426 805 quadam
464 754 549 792 eius
593 754 797 804 diligentia
835 755 1059 805 ceteroquin
1100 767 1142 794 se
1179 757 1363 794 offerente
1400 756 1610 794 verisimile
1647 757 1751 806 fieri;

256 825 416 863 tertium
454 837 517 873 ea,
557 836 656 875 quae
695 837 746 863 ex
777 825 839 864 his
872 826 1028 875 pusillis
1059 826 1176 864 rebus
1208 826 1493 875 conclusimus,
1531 826 1752 865 confirmari

257 896 515 934 consideratis
560 896 665 934 haud
709 896 843 946 paucis
886 897 985 935 locis
1023 896 1111 935 aliis
1149 896 1276 947 iisque
1313 898 1361 935 ab
1400 897 1640 936 dubitatione
1679 898 1752 935 im-

258 967 454 1005 munibus.

379 1037 418 1087 2)
459 1036 631 1085 Quorum
671 1037 749 1075 sint
785 1037 813 1075 ii
851 1037 1036 1087 proximi,
1075 1039 1143 1076 ubi
1181 1050 1322 1077 sensus
1361 1050 1494 1087 causa,
1532 1039 1599 1089 qui
1631 1039 1751 1077 offen-

259 1108 407 1146 sionem
439 1108 669 1158 praebebat,
703 1109 932 1158 praesertim
965 1109 998 1147 si
1030 1121 1092 1147 res
1125 1109 1282 1148 Socrate
1313 1109 1443 1148 minus
1471 1109 1613 1159 dignae
1644 1109 1752 1149 vide-

261 1180 402 1217 bantur
433 1179 527 1229 dici,
560 1179 815 1218 mutationem
847 1180 991 1218 factam
1023 1192 1109 1219 esse
1141 1180 1387 1229 sumpserim.

386 1257 500 1313 „Kal
523 1258 589 1310 δὶς
616 1257 696 1316 ’ἤδη
720 1256 1070 1316 ἐπιχειρήσαντός
1090 1275 1173 1313 μου
1199 1262 1382 1301 σκοπεῖν
1412 1259 1516 1316 περὶ
1548 1267 1622 1317 τῆς
1643 1259 1753 1302 ἄπο-

258 1326 428 1385 λογίας“
465 1330 553 1372 κτλ.
592 1334 814 1372 invenimus
852 1335 893 1371 in
925 1334 1036 1383 Apol.
1072 1332 1164 1384 §43
1203 1334 1471 1372 Memorabilia
1504 1333 1575 1385 §5
1609 1334 1753 1372 omisso

260 1397 325 1450 δίς
356 1404 454 1442 haec
485 1407 636 1442 tantum
669 1405 875 1443 exhibent:
919 1400 1031 1459 »ἤδη
1061 1417 1144 1455 μου
1176 1400 1494 1458 ἐπιχειροῦντος
1525 1399 1753 1459 φροντίσαι

259 1478 332 1527 τῆς
374 1471 487 1528 πρὸς
529 1472 628 1522 τοὺς
673 1472 881 1522 δικαστὰς
931 1469 1211 1528 ἀπολογίαςιι.
1280 1476 1455 1514 Videsne
1501 1475 1754 1526 displicuisse

260 1547 484 1595 correctori,
529 1547 633 1596 quod
677 1547 773 1584 adeo
816 1549 936 1584 tenax
980 1547 1083 1584 vitae
1129 1546 1252 1585 fuisse
1298 1547 1443 1585 dicitur
1487 1547 1665 1585 Socrates
1709 1550 1754 1585 ut

259 1616 462 1654 daemonio
523 1618 698 1666 primum
753 1617 928 1656 monenti
992 1630 1070 1656 non
1133 1617 1395 1656 oboediverit‘?
1476 1616 1601 1665 Quam
1661 1629 1754 1657 vero

259 1699 422 1736 prorsus
454 1700 532 1725 non
571 1688 786 1737 probabilis
833 1691 893 1726 est
938 1688 1129 1727 contraria
1168 1689 1283 1736 ratio,
1328 1701 1404 1738 qua
1441 1688 1574 1726 addito
1620 1691 1754 1738 postea

258 1758 447 1796 vocabulo
480 1753 546 1805 δὶς
577 1758 815 1808 amplificare
847 1759 1019 1809 aliquem
1053 1759 1222 1798 Socratis
1253 1760 1411 1797 laudem
1443 1759 1645 1798 studuisse
1678 1763 1754 1798 sta-

258 1829 449 1867 tuendum
481 1831 601 1867 esset!

380 1899 615 1938 Simillimus
646 1903 707 1938 est
737 1901 848 1938 locus
879 1900 921 1937 in
942 1900 1053 1950 Apol.
1089 1903 1108 1948 ξ
1136 1902 1177 1939 6:
1217 1891 1321 1952 „oid’
1345 1897 1412 1939 ὅτι
1443 1895 1604 1954 ἀνάγκη
1631 1893 1753 1939 ἔσται

259 1966 313 2008 τὰ
345 1973 421 2009 τοῦ
452 1967 588 2024 γήρως
620 1965 953 2009 ἐπιτελεῖσθαια
970 1970 1016 2021 1),
1051 1983 1168 2021 quem
1204 1971 1259 2009 ita
1297 1970 1547 2009 emendatum
1585 1971 1755 2009 offerunt

258 2041 375 2080 Mem.
399 2040 482 2092 §8:
511 2039 638 2093 77ἴσως
665 2037 896 2093 ἀναγκαῖον
918 2035 1039 2080 ἔσται
1063 2039 1118 2080 τὰ
1140 2045 1216 2080 τοῦ
1238 2039 1374 2095 γήρως
1398 2036 1753 2091 ἕπιτελεῖσθαι“;

260 2112 406 2162 quippe
451 2112 639 2162 nequibat
683 2113 755 2151 hoc
799 2113 893 2150 ferri
935 2125 958 2150 a
996 2112 1152 2151 Socrate
1196 2116 1276 2150 tam
1319 2112 1472 2150 fortiter
1507 2112 1753 2150 affirmatum.

260 2184 390 2232 Atque
422 2183 495 2221 hoc
527 2183 583 2221 sic
614 2183 720 2220 haud
751 2183 806 2221 ita
832 2196 973 2232 magno
1000 2183 1084 2221 iure
1112 2184 1330 2222 asseverari
1358 2183 1609 2222 concedimus
1635 2184 1754 2221 inter-

261 2254 437 2303 pretibus
470 2253 519 2292 de
550 2254 624 2292 1130
655 2254 814 2304 quidem
842 2266 884 2292 re
905 2254 1220 2293 concinentibus:
1255 2254 1325 2292 sed
1346 2267 1463 2305 quam
1485 2255 1642 2303 egregie
1663 2266 1754 2292 con-

261 2325 442 2363 veniebat
462 2325 510 2363 ad
536 2325 707 2363 auctoris
730 2324 936 2363 consilium
962 2325 1078 2371 illud,
1111 2326 1217 2375 quod
1244 2338 1361 2375 supra
1387 2325 1659 2375 exposuimus!
1704 2325 1754 2363 Et

262 2407 379 2445 quam
405 2395 525 2433 ardua
556 2395 605 2433 ad
628 2395 860 2445 Apologiam
892 2397 939 2434 ab
971 2396 1308 2444 Memorabilibus,
1334 2409 1459 2446 -quam
1490 2396 1674 2446 proclivis
1706 2395 1754 2434 ad

261 2466 357 2504 haec
384 2466 430 2503 ab
454 2466 521 2504 illa
543 2466 702 2504 deducit
725 2467 836 2516 quasi
857 2467 937 2504 via!
983 2467 1164 2517 Accedit,
1193 2467 1297 2516 quod
1318 2467 1395 2505 nisi
1417 2467 1465 2505 ad
1487 2467 1599 2516 Apol.
1622 2478 1754 2505 exem-

262 2537 373 2586 plum
417 2537 656 2575 conformata
699 2540 833 2575 essent
870 2537 985 2575 Mem.
1018 2538 1154 2586 verba,
1199 2538 1267 2575 vix
1304 2537 1538 2576 crediderim
1575 2538 1754 2576 futurum

260 2607 385 2645 fuisse
417 2611 460 2646 ut
490 2607 571 2645 illis
603 2608 731 2646 verbis
764 2609 957 2646 sententia
989 2609 1292 2659 exprimeretur:
1326 2621 1414 2647 cum
1447 2609 1553 2647 enim
1578 2608 1620 2646 in
1640 2608 1753 2658 Apol.

383 2769 416 2814 1)
451 2769 538 2804 Cum
564 2770 700 2813 po'e'tico
738 2771 845 2805 huius
879 2771 1064 2805 locutionis
1095 2770 1210 2805 colore
1242 2770 1330 2805 mire
1363 2770 1523 2815 congruit
1547 2769 1753 2815 Apologiae}

265 2829 317 2872 „ei
349 2829 572 2875 προβήσεται
605 2830 625 2871 ἡ
658 2830 821 2871 ἡλικιίι“,
861 2841 922 2874 pro
961 2840 1030 2873 qua
1067 2829 1103 2863 M
1130 2831 1162 2874 (ξ
1185 2829 1221 2874 8)
1247 2829 1549 2874 languidissimam
1575 2828 1755 2864 substituit

261 2886 366 2922 hanc:
396 2889 448 2929 „si
474 2887 510 2921 δὲ
537 2888 723 2934 βιώσομαι
749 2890 861 2922 πλείω
882 2889 1053 2933 χρόνον“.
