1820 3340
259 231 312 268 38

375 346 484 384 Haec
516 345 590 383 tria
619 345 740 394 igitur
771 357 860 383 cum
893 356 967 383 nec
998 344 1158 382 fortuita
1189 344 1464 394 circumspecti
1499 345 1638 394 judicii
1676 356 1744 383 ex-

257 417 449 455 istimator
479 416 608 454 dicere
640 415 692 453 sit
722 426 892 453 ausurus
931 427 1004 453 nec
1035 414 1212 453 fallaciae
1249 415 1389 457 videri,
1427 415 1556 463 credo,
1595 415 1747 465 possint

257 499 344 526 esse
376 487 544 535 cogitata
575 486 793 523 imitatione
824 486 1079 535 compositae,
1112 485 1255 524 indicia
1276 486 1407 535 potius
1428 486 1568 536 ecquis
1589 486 1747 535 negabit

257 569 344 596 esse
376 557 458 595 stili
489 556 768 606 Xenophontei
800 555 1023 594 evidentia?
1074 555 1199 593 Immo
1221 559 1421 606 tamquam
1442 556 1491 595 ad
1514 557 1628 605 signa
1647 557 1747 594 anti-

258 639 423 677 quorum
455 629 560 665 recte
589 626 801 675 judicanda
832 626 995 676 pedum,
1036 625 1221 674 vestitus,
1253 627 1426 664 omnium
1459 626 1630 676 denique
1661 638 1747 676 par-

257 698 355 735 tium
386 697 532 747 pusilla
564 697 648 735 sive
679 696 793 734 malis
826 696 985 735 subtilia
1015 696 1230 746 plurimum
1261 697 1390 735 valere
1414 697 1614 735 Brunnius
1636 708 1746 747 prae-

258 767 379 818 cepit,
411 768 465 806 ita
495 768 536 805 in
567 767 841 806 existimandis
874 767 1108 817 scriptorum
1137 767 1253 804 etiam
1275 767 1457 817 operibus
1478 767 1749 805 auctoritatem

255 839 342 888 jure
374 838 592 876 tribuemus
624 838 729 875 haud
761 850 919 887 parvam
952 837 1026 887 eis,
1059 849 1158 887 quae
1191 837 1350 875 illorum
1382 837 1525 876 similia
1557 840 1658 876 sunt.

377 916 429 952 At
461 914 566 952 enim
599 914 667 964 qui
689 914 934 963 suspiciones
962 913 1250 952 removebimus
1281 925 1363 961 eas,
1396 913 1444 952 de
1466 914 1610 963 quibus
1632 925 1750 963 supra

258 985 374 1024 verba
406 985 597 1023 fecimus?
658 984 937 1034 Redintegrata
967 984 1186 1022 accuratius
1218 983 1267 1022 de
1298 984 1355 1022 eis
1387 984 1616 1034 quaestione
1647 984 1750 1023 haud

260 1055 538 1093 difficillimum
570 1055 728 1093 videtur
758 1066 855 1093 esse.
918 1054 1104 1093 Isocratis
1128 1054 1232 1092 enim
1254 1054 1426 1103 primum
1457 1054 1583 1092 multa
1603 1066 1749 1102 eorum,

260 1138 359 1176 quae
391 1128 574 1175 suspecta
604 1125 853 1173 videbantur,
886 1125 1111 1172 admonent,
1151 1137 1267 1174 quem
1306 1124 1466 1174 quidem
1503 1125 1621 1163 etiam
1658 1124 1751 1163 alio-

260 1197 354 1247 quin
393 1199 572 1234 secutum
609 1208 696 1234 esse
734 1196 1037 1245 Xenophontem
1073 1196 1253 1233 videmus
1290 1195 1331 1232 in
1369 1195 1527 1245 scriptis
1564 1195 1752 1245 posterio-

260 1267 368 1305 ribus
380 1266 426 1316 1);
459 1269 576 1316 atque
610 1266 873 1316 simplicitatis
906 1267 1061 1304 nativae
1092 1266 1161 1304 illa
1192 1267 1277 1304 laus
1309 1265 1358 1303 ad
1390 1266 1518 1315 priora
1555 1266 1680 1315 magis
1713 1270 1753 1305 et

260 1337 445 1376 historica
476 1337 647 1387 pertinet
680 1338 834 1387 scripta.
897 1337 976 1375 Cur
1007 1340 1139 1375 autem
1170 1337 1294 1387 idem,
1328 1336 1413 1387 qui,
1455 1348 1544 1374 cum
1576 1337 1618 1373 in
1650 1337 1752 1385 Age-

261 1408 403 1447 silaum
436 1420 485 1446 ex
517 1408 733 1446 Hellenicis
771 1407 917 1446 multas
949 1407 1143 1445 sectiones
1182 1407 1433 1455 transferret,
1470 1407 1753 1456 propemodum

260 1491 310 1517 ne
343 1479 506 1517 verbum
539 1478 701 1529 quidem
732 1478 912 1526 variavit,
950 1478 1015 1516 hic
1052 1482 1132 1516 tam
1170 1478 1294 1516 multa
1324 1477 1549 1526 mutaverit,
1587 1489 1639 1515 ex
1676 1477 1754 1516 dis-

263 1550 426 1588 crimine
459 1550 563 1599 quod
595 1550 697 1587 inter
728 1549 959 1587 historicum
986 1552 1024 1587 et
1045 1548 1364 1598 philosophicum
1385 1560 1511 1597 genus
1533 1551 1611 1596 est,
1644 1548 1753 1586 nullo

261 1621 416 1669 negotio
449 1620 688 1669 dispiciatur.
753 1620 884 1670 Atque
922 1620 1018 1658 adeo
1050 1619 1341 1657 immutationes
1371 1619 1478 1667 illae,
1517 1631 1613 1669 quas
1650 1619 1754 1669 Apo-

261 1692 388 1739 logiae
419 1692 536 1728 verba
568 1703 658 1728 cum
690 1691 731 1728 in
752 1690 1020 1728 Memorabilia
1043 1690 1255 1728 transirent
1276 1692 1437 1740 experta
1459 1701 1546 1728 esse
1568 1689 1753 1737 vidimus,

262 1761 363 1799 nihil
394 1762 565 1813 amplius
603 1761 788 1799 videntur
819 1761 1040 1810 significare
1072 1761 1148 1798 nisi
1181 1773 1300 1811 quam
1336 1760 1512 1798 versatili
1544 1760 1752 1810 docilique,

263 1836 307 1870 ut
339 1832 458 1870 molle
489 1833 545 1870 rei
578 1844 721 1870 nomen
742 1832 1006 1883 imponamus,
1038 1831 1260 1881 Xenophon
1283 1831 1403 1869 fuerit
1423 1831 1593 1880 ingenio.
1647 1829 1753 1878 Quae

263 1906 393 1941 autem
426 1915 560 1941 earum
591 1902 722 1940 nescio
761 1915 812 1940 an
849 1902 1081 1951 gravissima
1119 1902 1186 1949 sit,
1232 1901 1422 1940 enuntiati
1460 1902 1508 1940 de
1546 1901 1754 1940 Palamede

264 1973 368 2021 dico,
413 1986 461 2012 ne
499 1985 544 2012 ea
582 1973 742 2023 quidem
780 1973 880 2011 hanc
919 1972 1153 2011 sententiam
1192 1972 1411 2021 putaverim
1455 1972 1496 2009 in
1535 1971 1754 2022 periculum

262 2045 402 2083 vocari.

382 2121 539 2158 Etenim
572 2124 632 2158 est
664 2120 823 2170 quidem
855 2120 917 2158 vel
946 2119 1116 2157 maxime
1147 2119 1189 2156 in
1210 2121 1393 2169 promptu
1414 2119 1510 2157 haec
1531 2118 1754 2168 explicatio,

263 2195 308 2230 ut
338 2190 651 2229 Memorabilium
689 2190 855 2228 extremi
887 2190 1026 2240 capitis
1064 2193 1262 2228 auctorem
1300 2189 1342 2226 in
1372 2201 1417 2227 eo
1449 2189 1659 2227 offendisse
1691 2201 1754 2227 su-

264 2274 435 2311 mamus,
468 2261 573 2311 quod
595 2259 719 2300 Ulixe
745 2257 859 2299 πολὺ
881 2254 1082 2307 καλλίους
1112 2257 1265 2310 ὕμνους
1287 2263 1426 2298 nactus
1448 2271 1536 2298 esse
1557 2259 1755 2298 diceretur

264 2333 512 2380 Palamedes,
552 2333 635 2370 sive
667 2332 759 2381 quia
792 2330 992 2380 Odysseae
1023 2331 1187 2369 carmini
1218 2331 1392 2369 omnium
1423 2330 1665 2368 nobilissimo
1702 2330 1755 2369 ita

266 2403 449 2441 iniuriam
480 2402 565 2440 fieri
597 2402 773 2440 crederet
785 2401 832 2451 ²),
868 2402 950 2440 sive
982 2402 1085 2452 quod
1118 2414 1164 2440 ea
1195 2404 1321 2440 aetate
1352 2405 1474 2449 esset,
1514 2413 1590 2451 qua
1627 2401 1755 2439 rheto-

264 2474 366 2512 ricae
397 2474 493 2511 artis
525 2473 707 2522 operibus
745 2485 835 2511 cum
867 2473 993 2511 omnis
1030 2473 1111 2511 fere
1149 2473 1299 2522 poesis,
1343 2475 1427 2509 tum
1464 2471 1524 2509 illi
1567 2472 1609 2509 in
1644 2471 1755 2510 Pala-

265 2545 419 2583 medem
462 2543 601 2592 hymni
646 2544 859 2582 oblitterati
902 2546 1052 2593 essent3
1104 2555 1203 2593 quae
1248 2543 1407 2593 quidem
1450 2542 1548 2581 ratio
1592 2545 1755 2592 utraque

265 2614 517 2665 Xenophonti
560 2614 636 2664 ipsi
673 2614 774 2652 illud
811 2617 928 2664 caput
966 2614 1157 2663 assignari
1200 2625 1278 2652 non
1315 2613 1426 2652 sinat.
1494 2604 1672 2651 At'vero
1702 2611 1756 2651 ita

266 2697 349 2724 rem
380 2685 559 2735 expediri
591 2684 752 2723 minime
783 2687 953 2735 oportet:
986 2684 1105 2722 immo
1137 2684 1237 2722 nihil
1258 2684 1400 2731 obstat,
1433 2683 1529 2733 quin
1550 2686 1756 2733 propterea

387 2835 420 2877 1)
447 2834 498 2870 Cf.
526 2834 656 2879 Blass.,
684 2834 807 2869 Gesch.
836 2834 868 2868 d.
896 2836 956 2868 att.
982 2833 1127 2868 Bereds.
1154 2833 1222 2867 112
1249 2845 1281 2877 p.
1301 2833 1355 2867 11.
1382 2833 1438 2868 45.
1466 2832 1535 2868 483
1553 2843 1599 2867 ss.

387 2894 421 2937 2)
449 2893 562 2936 Quam
588 2893 860 2938 explicationem
886 2904 918 2937 p.
932 2892 978 2928 26
1005 2892 1371 2927 commemoravimus.
