<?xml version="1.0" encoding="UTF-8"?>
<!DOCTYPE html PUBLIC "-//W3C//DTD XHTML 1.0 Transitional//EN"
    "http://www.w3.org/TR/xhtml1/DTD/xhtml1-transitional.dtd">
<html xmlns="http://www.w3.org/1999/xhtml" xml:lang="en" lang="en">
 <head>
  <title>
</title>
<meta http-equiv="Content-Type" content="text/html;charset=utf-8" />
  <meta name='ocr-system' content='tesseract 3.04.00' />
  <meta name='ocr-capabilities' content='ocr_page ocr_carea ocr_par ocr_line ocrx_word'/>
</head>
<body>
  <div class='ocr_page' id='page_1' title='image "./xenophontisqvaef00fricuoft_0080.png"; bbox 0 0 1820 3340; ppageno 0'>
   <div class='ocr_carea' id='block_1_1' title="bbox 240 292 291 330">
    <p class='ocr_par' dir='ltr' id='par_1_1' title="bbox 240 292 291 330">
     <span class='ocr_line' id='line_1_1' title="bbox 240 292 291 330; baseline 0.02 -1"><span class='ocrx_word' id='word_1_1' title='bbox 240 292 291 330; x_wconf 79' lang='lat'>76</span> 
     </span>
    </p>
   </div>
   <div class='ocr_carea' id='block_1_2' title="bbox 237 403 1740 2886">
    <p class='ocr_par' dir='ltr' id='par_1_2' title="bbox 237 403 1734 1449">
     <span class='ocr_line' id='line_1_2' title="bbox 358 403 1727 456; baseline -0.004 -10"><span class='ocrx_word' id='word_1_2' title='bbox 358 409 394 446; x_wconf 85' lang='lat'>3.</span> <span class='ocrx_word' id='word_1_3' title='bbox 434 408 565 446; x_wconf 85' lang='lat' dir='ltr'>Tertia</span> <span class='ocrx_word' id='word_1_4' title='bbox 596 407 767 456; x_wconf 84' lang='lat' dir='ltr'>denique</span> <span class='ocrx_word' id='word_1_5' title='bbox 806 405 1021 455; x_wconf 86' lang='lat' dir='ltr'>Apologiae</span> <span class='ocrx_word' id='word_1_6' title='bbox 1060 416 1168 454; x_wconf 89' lang='lat' dir='ltr'>pars,</span> <span class='ocrx_word' id='word_1_7' title='bbox 1208 404 1271 442; x_wconf 84' lang='lat' dir='ltr'>cui</span> <span class='ocrx_word' id='word_1_8' title='bbox 1308 403 1423 442; x_wconf 88' lang='lat' dir='ltr'>etiam</span> <span class='ocrx_word' id='word_1_9' title='bbox 1463 403 1564 455; x_wconf 68' lang='lat'>§23</span> <span class='ocrx_word' id='word_1_10' title='bbox 1604 415 1727 442; x_wconf 89' lang='lat' dir='ltr'>annu-</span> 
     </span>
     <span class='ocr_line' id='line_1_3' title="bbox 238 473 1727 525; baseline -0.003 -9"><span class='ocrx_word' id='word_1_11' title='bbox 238 478 422 517; x_wconf 86' lang='lat' dir='ltr'>meranda</span> <span class='ocrx_word' id='word_1_12' title='bbox 453 481 530 525; x_wconf 88' lang='lat' dir='ltr'>est,</span> <span class='ocrx_word' id='word_1_13' title='bbox 563 477 667 514; x_wconf 88' lang='lat' dir='ltr'>haud</span> <span class='ocrx_word' id='word_1_14' title='bbox 700 477 754 514; x_wconf 89' lang='lat' dir='ltr'>ita</span> <span class='ocrx_word' id='word_1_15' title='bbox 786 476 910 514; x_wconf 86' lang='lat' dir='ltr'>multa</span> <span class='ocrx_word' id='word_1_16' title='bbox 931 476 1122 524; x_wconf 77' lang='lat' dir='ltr'>indigebit</span> <span class='ocrx_word' id='word_1_17' title='bbox 1152 474 1445 524; x_wconf 80' lang='lat' dir='ltr'>disceptatione.</span> <span class='ocrx_word' id='word_1_18' title='bbox 1507 474 1658 524; x_wconf 85' lang='lat' dir='ltr'>Nempe</span> <span class='ocrx_word' id='word_1_19' title='bbox 1679 473 1727 512; x_wconf 89' lang='lat' dir='ltr'>de</span> 
     </span>
     <span class='ocr_line' id='line_1_4' title="bbox 237 543 1726 600; baseline -0.004 -13"><span class='ocrx_word' id='word_1_20' title='bbox 237 548 578 600; x_wconf 78' lang='lat' dir='ltr'>apophthegmatis</span> <span class='ocrx_word' id='word_1_21' title='bbox 610 547 708 596; x_wconf 87' lang='lat' dir='ltr'>illis,</span> <span class='ocrx_word' id='word_1_22' title='bbox 742 559 842 597; x_wconf 84' lang='lat' dir='ltr'>quae</span> <span class='ocrx_word' id='word_1_23' title='bbox 876 545 926 597; x_wconf 59' lang='lat' dir='ltr'>§g</span> <span class='ocrx_word' id='word_1_24' title='bbox 952 548 1018 584; x_wconf 79' lang='grc'>23.</span> <span class='ocrx_word' id='word_1_25' title='bbox 1043 546 1109 584; x_wconf 81' lang='grc'>27.</span> <span class='ocrx_word' id='word_1_26' title='bbox 1135 547 1188 584; x_wconf 83' lang='grc'>28</span> <span class='ocrx_word' id='word_1_27' title='bbox 1217 545 1444 593; x_wconf 87' lang='lat' dir='ltr'>traduntur,</span> <span class='ocrx_word' id='word_1_28' title='bbox 1478 556 1548 582; x_wconf 90' lang='lat' dir='ltr'>suo</span> <span class='ocrx_word' id='word_1_29' title='bbox 1570 543 1726 582; x_wconf 86' lang='lat' dir='ltr'>arbitrio</span> 
     </span>
     <span class='ocr_line' id='line_1_5' title="bbox 238 617 1728 670; baseline -0.004 -12"><span class='ocrx_word' id='word_1_30' title='bbox 238 620 341 670; x_wconf 67' lang='lat' dir='ltr'>quod</span> <span class='ocrx_word' id='word_1_31' title='bbox 379 619 521 668; x_wconf 82' lang='lat' dir='ltr'>cuique</span> <span class='ocrx_word' id='word_1_32' title='bbox 566 618 758 668; x_wconf 80' lang='lat' dir='ltr'>placuerit</span> <span class='ocrx_word' id='word_1_33' title='bbox 801 617 976 666; x_wconf 87' lang='lat' dir='ltr'>judicare</span> <span class='ocrx_word' id='word_1_34' title='bbox 1021 617 1156 655; x_wconf 79' lang='lat' dir='ltr'>licebit</span> <span class='ocrx_word' id='word_1_35' title='bbox 1193 628 1266 654; x_wconf 87' lang='lat' dir='ltr'>nec</span> <span class='ocrx_word' id='word_1_36' title='bbox 1302 618 1436 653; x_wconf 87' lang='lat' dir='ltr'>utrum</span> <span class='ocrx_word' id='word_1_37' title='bbox 1473 627 1566 652; x_wconf 78' lang='lat' dir='ltr'>vera</span> <span class='ocrx_word' id='word_1_38' title='bbox 1602 626 1648 653; x_wconf 90' lang='lat' dir='ltr'>ea</span> <span class='ocrx_word' id='word_1_39' title='bbox 1677 626 1728 652; x_wconf 89' lang='lat' dir='ltr'>an</span> 
     </span>
     <span class='ocr_line' id='line_1_6' title="bbox 238 686 1728 733; baseline -0.004 -5"><span class='ocrx_word' id='word_1_40' title='bbox 238 692 327 728; x_wconf 88' lang='lat' dir='ltr'>ficta</span> <span class='ocrx_word' id='word_1_41' title='bbox 356 690 589 733; x_wconf 71' lang='lat' dir='ltr'>habeantur,</span> <span class='ocrx_word' id='word_1_42' title='bbox 628 689 798 725; x_wconf 86' lang='lat' dir='ltr'>multum</span> <span class='ocrx_word' id='word_1_43' title='bbox 836 688 1019 725; x_wconf 84' lang='lat' dir='ltr'>interest:</span> <span class='ocrx_word' id='word_1_44' title='bbox 1058 687 1099 724; x_wconf 85' lang='lat' dir='ltr'>in</span> <span class='ocrx_word' id='word_1_45' title='bbox 1131 687 1199 724; x_wconf 85' lang='lat' dir='ltr'>tali</span> <span class='ocrx_word' id='word_1_46' title='bbox 1232 687 1329 724; x_wconf 82' lang='lat' dir='ltr'>tanti</span> <span class='ocrx_word' id='word_1_47' title='bbox 1368 686 1441 723; x_wconf 70' lang='lat' dir='ltr'>viri</span> <span class='ocrx_word' id='word_1_48' title='bbox 1474 686 1630 723; x_wconf 86' lang='lat' dir='ltr'>fortuna</span> <span class='ocrx_word' id='word_1_49' title='bbox 1660 696 1728 723; x_wconf 91' lang='lat' dir='ltr'>ne-</span> 
     </span>
     <span class='ocr_line' id='line_1_7' title="bbox 239 756 1728 810; baseline -0.004 -11"><span class='ocrx_word' id='word_1_50' title='bbox 239 760 408 799; x_wconf 84' lang='lat' dir='ltr'>cessario</span> <span class='ocrx_word' id='word_1_51' title='bbox 439 761 588 798; x_wconf 82' lang='lat' dir='ltr'>factum</span> <span class='ocrx_word' id='word_1_52' title='bbox 620 771 725 810; x_wconf 83' lang='lat' dir='ltr'>esse,</span> <span class='ocrx_word' id='word_1_53' title='bbox 759 763 803 796; x_wconf 92' lang='lat' dir='ltr'>ut</span> <span class='ocrx_word' id='word_1_54' title='bbox 835 758 1026 808; x_wconf 82' lang='lat' dir='ltr'>ejusmodi</span> <span class='ocrx_word' id='word_1_55' title='bbox 1059 758 1165 795; x_wconf 87' lang='lat' dir='ltr'>dicta</span> <span class='ocrx_word' id='word_1_56' title='bbox 1196 758 1314 806; x_wconf 74' lang='lat' dir='ltr'>vulgo</span> <span class='ocrx_word' id='word_1_57' title='bbox 1355 757 1567 804; x_wconf 88' lang='lat' dir='ltr'>ferrentur,</span> <span class='ocrx_word' id='word_1_58' title='bbox 1605 756 1728 794; x_wconf 89' lang='lat' dir='ltr'>mani-</span> 
     </span>
     <span class='ocr_line' id='line_1_8' title="bbox 239 826 1729 881; baseline -0.004 -11"><span class='ocrx_word' id='word_1_59' title='bbox 239 833 383 870; x_wconf 78' lang='lat' dir='ltr'>festum</span> <span class='ocrx_word' id='word_1_60' title='bbox 417 834 494 881; x_wconf 73' lang='lat' dir='ltr'>est,</span> <span class='ocrx_word' id='word_1_61' title='bbox 530 843 694 880; x_wconf 87' lang='lat' dir='ltr'>quorum</span> <span class='ocrx_word' id='word_1_62' title='bbox 728 842 826 880; x_wconf 81' lang='lat' dir='ltr'>quae</span> <span class='ocrx_word' id='word_1_63' title='bbox 858 841 951 867; x_wconf 64' lang='lat' dir='ltr'>vera</span> <span class='ocrx_word' id='word_1_64' title='bbox 982 830 1133 876; x_wconf 88' lang='lat' dir='ltr'>essent,</span> <span class='ocrx_word' id='word_1_65' title='bbox 1173 840 1272 877; x_wconf 85' lang='lat' dir='ltr'>quae</span> <span class='ocrx_word' id='word_1_66' title='bbox 1309 827 1426 875; x_wconf 77' lang='lat' dir='ltr'>falsa,</span> <span class='ocrx_word' id='word_1_67' title='bbox 1465 826 1729 865; x_wconf 87' lang='lat' dir='ltr'>constituendi</span> 
     </span>
     <span class='ocr_line' id='line_1_9' title="bbox 239 897 1730 952; baseline -0.005 -11"><span class='ocrx_word' id='word_1_68' title='bbox 239 902 492 952; x_wconf 81' lang='lat' dir='ltr'>Xenophonti</span> <span class='ocrx_word' id='word_1_69' title='bbox 526 913 602 938; x_wconf 91' lang='lat' dir='ltr'>non</span> <span class='ocrx_word' id='word_1_70' title='bbox 635 904 731 948; x_wconf 88' lang='lat' dir='ltr'>erat,</span> <span class='ocrx_word' id='word_1_71' title='bbox 765 900 896 948; x_wconf 87' lang='lat' dir='ltr'>credo,</span> <span class='ocrx_word' id='word_1_72' title='bbox 929 900 1052 948; x_wconf 80' lang='lat' dir='ltr'>major</span> <span class='ocrx_word' id='word_1_73' title='bbox 1074 911 1189 948; x_wconf 79' lang='lat' dir='ltr'>quam</span> <span class='ocrx_word' id='word_1_74' title='bbox 1212 898 1324 936; x_wconf 87' lang='lat' dir='ltr'>nobis</span> <span class='ocrx_word' id='word_1_75' title='bbox 1345 898 1523 936; x_wconf 76' lang='lat' dir='ltr'>facultas.</span> <span class='ocrx_word' id='word_1_76' title='bbox 1577 897 1618 935; x_wconf 82' lang='lat' dir='ltr'>Si</span> <span class='ocrx_word' id='word_1_77' title='bbox 1638 908 1730 935; x_wconf 75' lang='lat' dir='ltr'>vero</span> 
     </span>
     <span class='ocr_line' id='line_1_10' title="bbox 240 968 1730 1022; baseline -0.004 -11"><span class='ocrx_word' id='word_1_78' title='bbox 240 973 357 1011; x_wconf 87' lang='lat' dir='ltr'>nimis</span> <span class='ocrx_word' id='word_1_79' title='bbox 390 972 538 1022; x_wconf 82' lang='lat' dir='ltr'>puerile</span> <span class='ocrx_word' id='word_1_80' title='bbox 560 973 634 1009; x_wconf 88' lang='grc' dir='ltr'>11οο</span> <span class='ocrx_word' id='word_1_81' title='bbox 661 972 1036 1021; x_wconf 85' lang='lat' dir='ltr'>apophthegmatum</span> <span class='ocrx_word' id='word_1_82' title='bbox 1060 969 1235 1007; x_wconf 86' lang='lat' dir='ltr'>studium</span> <span class='ocrx_word' id='word_1_83' title='bbox 1258 969 1329 1006; x_wconf 86' lang='lat' dir='ltr'>tibi</span> <span class='ocrx_word' id='word_1_84' title='bbox 1350 968 1546 1016; x_wconf 80' lang='lat' dir='ltr'>videatur,</span> <span class='ocrx_word' id='word_1_85' title='bbox 1578 970 1730 1005; x_wconf 88' lang='lat' dir='ltr'>veteres</span> 
     </span>
     <span class='ocr_line' id='line_1_11' title="bbox 241 1038 1731 1088; baseline -0.004 -6"><span class='ocrx_word' id='word_1_86' title='bbox 241 1045 322 1082; x_wconf 86' lang='lat' dir='ltr'>fere</span> <span class='ocrx_word' id='word_1_87' title='bbox 355 1055 490 1081; x_wconf 88' lang='lat' dir='ltr'>omnes</span> <span class='ocrx_word' id='word_1_88' title='bbox 523 1042 581 1080; x_wconf 87' lang='lat' dir='ltr'>eis</span> <span class='ocrx_word' id='word_1_89' title='bbox 612 1042 780 1080; x_wconf 86' lang='lat' dir='ltr'>mirifice</span> <span class='ocrx_word' id='word_1_90' title='bbox 813 1041 1028 1079; x_wconf 87' lang='lat' dir='ltr'>delectatos</span> <span class='ocrx_word' id='word_1_91' title='bbox 1066 1052 1153 1078; x_wconf 88' lang='lat' dir='ltr'>esse</span> <span class='ocrx_word' id='word_1_92' title='bbox 1186 1051 1280 1078; x_wconf 68' lang='lat' dir='ltr'>cave</span> <span class='ocrx_word' id='word_1_93' title='bbox 1319 1038 1580 1088; x_wconf 77' lang='lat' dir='ltr'>obliviscaris3</span> <span class='ocrx_word' id='word_1_94' title='bbox 1613 1040 1731 1088; x_wconf 86' lang='lat' dir='ltr'>atque</span> 
     </span>
     <span class='ocr_line' id='line_1_12' title="bbox 240 1110 1732 1164; baseline -0.005 -12"><span class='ocrx_word' id='word_1_95' title='bbox 240 1115 388 1164; x_wconf 77' lang='lat' dir='ltr'>aliquid</span> <span class='ocrx_word' id='word_1_96' title='bbox 433 1114 575 1162; x_wconf 89' lang='lat' dir='ltr'>simile,</span> <span class='ocrx_word' id='word_1_97' title='bbox 621 1113 775 1162; x_wconf 83' lang='lat' dir='ltr'>opinor,</span> <span class='ocrx_word' id='word_1_98' title='bbox 819 1111 1104 1161; x_wconf 74' lang='lat' dir='ltr'>respondisset,</span> <span class='ocrx_word' id='word_1_99' title='bbox 1150 1111 1183 1149; x_wconf 90' lang='lat' dir='ltr'>si</span> <span class='ocrx_word' id='word_1_100' title='bbox 1228 1110 1316 1160; x_wconf 76' lang='lat' dir='ltr'>quis</span> <span class='ocrx_word' id='word_1_101' title='bbox 1360 1110 1408 1148; x_wconf 93' lang='lat' dir='ltr'>de</span> <span class='ocrx_word' id='word_1_102' title='bbox 1450 1110 1524 1147; x_wconf 91' lang='lat' dir='ltr'>hac</span> <span class='ocrx_word' id='word_1_103' title='bbox 1561 1120 1604 1146; x_wconf 88' lang='lat' dir='ltr'>re</span> <span class='ocrx_word' id='word_1_104' title='bbox 1642 1120 1732 1146; x_wconf 87' lang='lat' dir='ltr'>eum</span> 
     </span>
     <span class='ocr_line' id='line_1_13' title="bbox 241 1179 1733 1236; baseline -0.004 -13"><span class='ocrx_word' id='word_1_105' title='bbox 241 1185 496 1236; x_wconf 80' lang='lat' dir='ltr'>appellasset,</span> <span class='ocrx_word' id='word_1_106' title='bbox 529 1184 766 1233; x_wconf 88' lang='lat' dir='ltr'>Xenophon,</span> <span class='ocrx_word' id='word_1_107' title='bbox 799 1196 843 1221; x_wconf 89' lang='lat' dir='ltr'>ac</span> <span class='ocrx_word' id='word_1_108' title='bbox 874 1183 1128 1229; x_wconf 78' lang='lat' dir='ltr'>Plutarchus,</span> <span class='ocrx_word' id='word_1_109' title='bbox 1162 1181 1229 1231; x_wconf 83' lang='lat' dir='ltr'>qui</span> <span class='ocrx_word' id='word_1_110' title='bbox 1251 1180 1465 1218; x_wconf 80' lang='lat' dir='ltr'>Alexandri</span> <span class='ocrx_word' id='word_1_111' title='bbox 1497 1180 1600 1218; x_wconf 80' lang='lat' dir='ltr'>vitae</span> <span class='ocrx_word' id='word_1_112' title='bbox 1621 1179 1733 1217; x_wconf 86' lang='lat' dir='ltr'>initio</span> 
     </span>
     <span class='ocr_line' id='line_1_14' title="bbox 244 1245 1734 1308; baseline -0.004 -14"><span class='ocrx_word' id='word_1_113' title='bbox 244 1260 453 1308; x_wconf 64' lang='grc' dir='ltr'><em>,,προῒγμα</em></span> <span class='ocrx_word' id='word_1_114' title='bbox 484 1252 616 1307; x_wconf 78' lang='grc' dir='ltr'><em>βραχὺ</em></span> <span class='ocrx_word' id='word_1_115' title='bbox 648 1251 882 1301; x_wconf 73' lang='grc' dir='ltr'><em>πολλάκις,</em></span> <span class='ocrx_word' id='word_1_116' title='bbox 915 1253 1061 1303; x_wconf 80' lang='lat' dir='ltr'>inquit,</span> <span class='ocrx_word' id='word_1_117' title='bbox 1094 1248 1169 1291; x_wconf 77' lang='grc' dir='ltr'>καὶ</span> <span class='ocrx_word' id='word_1_118' title='bbox 1202 1251 1313 1305; x_wconf 79' lang='grc' dir='ltr'>ῥῆμα</span> <span class='ocrx_word' id='word_1_119' title='bbox 1352 1247 1425 1290; x_wconf 79' lang='grc' dir='ltr'>καὶ</span> <span class='ocrx_word' id='word_1_120' title='bbox 1464 1245 1629 1289; x_wconf 77' lang='grc' dir='ltr'><em>παιδιά</em></span> <span class='ocrx_word' id='word_1_121' title='bbox 1667 1262 1734 1296; x_wconf 84' lang='grc' dir='ltr'><em>τις</em></span> 
     </span>
     <span class='ocr_line' id='line_1_15' title="bbox 243 1315 1734 1380; baseline -0.005 -15"><span class='ocrx_word' id='word_1_122' title='bbox 243 1323 430 1380; x_wconf 54' lang='grc' dir='ltr'><em>έζιιφασιν</em></span> <span class='ocrx_word' id='word_1_123' title='bbox 475 1321 610 1379; x_wconf 59' lang='grc' dir='ltr'><em>ἤθους</em></span> <span class='ocrx_word' id='word_1_124' title='bbox 656 1319 837 1379; x_wconf 67' lang='grc' dir='ltr'><em>ἐποίησε</em></span> <span class='ocrx_word' id='word_1_125' title='bbox 880 1321 1042 1374; x_wconf 75' lang='grc' dir='ltr'><em>μᾶλλον</em></span> <span class='ocrx_word' id='word_1_126' title='bbox 1093 1321 1117 1377; x_wconf 74' lang='grc' dir='ltr'>ἢ</span> <span class='ocrx_word' id='word_1_127' title='bbox 1160 1319 1294 1371; x_wconf 85' lang='grc' dir='ltr'><em>μάχαι</em></span> <span class='ocrx_word' id='word_1_128' title='bbox 1344 1318 1615 1373; x_wconf 73' lang='grc' dir='ltr'><em>μυριόνεκροι</em></span> <span class='ocrx_word' id='word_1_129' title='bbox 1660 1315 1734 1358; x_wconf 81' lang='grc' dir='ltr'>καὶ</span> 
     </span>
     <span class='ocr_line' id='line_1_16' title="bbox 243 1388 1466 1449; baseline -0.005 -13"><span class='ocrx_word' id='word_1_130' title='bbox 243 1393 512 1449; x_wconf 71' lang='grc' dir='ltr'><em>παρατάξεις</em></span> <span class='ocrx_word' id='word_1_131' title='bbox 544 1390 589 1434; x_wconf 73' lang='grc' dir='ltr'>αἱ</span> <span class='ocrx_word' id='word_1_132' title='bbox 621 1392 824 1448; x_wconf 73' lang='grc' dir='ltr'><em>μέγισται</em></span> <span class='ocrx_word' id='word_1_133' title='bbox 857 1391 930 1433; x_wconf 80' lang='grc' dir='ltr'>καὶ</span> <span class='ocrx_word' id='word_1_134' title='bbox 963 1388 1219 1446; x_wconf 73' lang='grc' dir='ltr'><em>πολιορκίαι</em></span> <span class='ocrx_word' id='word_1_135' title='bbox 1257 1389 1466 1431; x_wconf 77' lang='grc' dir='ltr'><em>πόλειι)ν.“</em></span> 
     </span>
    </p>

    <p class='ocr_par' dir='ltr' id='par_1_3' title="bbox 243 1461 1737 1797">
     <span class='ocr_line' id='line_1_17' title="bbox 367 1461 1736 1517; baseline -0.004 -12"><span class='ocrx_word' id='word_1_136' title='bbox 367 1468 515 1517; x_wconf 86' lang='lat' dir='ltr'>Fugam</span> <span class='ocrx_word' id='word_1_137' title='bbox 548 1479 639 1506; x_wconf 69' lang='lat' dir='ltr'>vero</span> <span class='ocrx_word' id='word_1_138' title='bbox 672 1479 692 1504; x_wconf 92' lang='lat' dir='ltr'>e</span> <span class='ocrx_word' id='word_1_139' title='bbox 725 1478 878 1504; x_wconf 86' lang='lat' dir='ltr'>carcere</span> <span class='ocrx_word' id='word_1_140' title='bbox 910 1466 1037 1515; x_wconf 86' lang='lat' dir='ltr'>ipsam</span> <span class='ocrx_word' id='word_1_141' title='bbox 1068 1465 1115 1502; x_wconf 86' lang='lat' dir='ltr'>ab</span> <span class='ocrx_word' id='word_1_142' title='bbox 1148 1463 1283 1502; x_wconf 88' lang='lat' dir='ltr'>amicis</span> <span class='ocrx_word' id='word_1_143' title='bbox 1315 1466 1581 1513; x_wconf 84' lang='lat' dir='ltr'>praeparatam</span> <span class='ocrx_word' id='word_1_144' title='bbox 1602 1462 1644 1500; x_wconf 89' lang='lat' dir='ltr'>in</span> <span class='ocrx_word' id='word_1_145' title='bbox 1665 1461 1736 1499; x_wconf 89' lang='lat' dir='ltr'>du-</span> 
     </span>
     <span class='ocr_line' id='line_1_18' title="bbox 243 1532 1736 1585; baseline -0.003 -11"><span class='ocrx_word' id='word_1_146' title='bbox 243 1539 471 1577; x_wconf 78' lang='lat' dir='ltr'>bitationem</span> <span class='ocrx_word' id='word_1_147' title='bbox 504 1550 617 1575; x_wconf 85' lang='lat' dir='ltr'>nemo</span> <span class='ocrx_word' id='word_1_148' title='bbox 649 1537 863 1585; x_wconf 68' lang='lat' dir='ltr'>vocaverit,</span> <span class='ocrx_word' id='word_1_149' title='bbox 903 1536 1097 1585; x_wconf 75' lang='lat' dir='ltr'>siquidem</span> <span class='ocrx_word' id='word_1_150' title='bbox 1130 1538 1168 1572; x_wconf 90' lang='lat' dir='ltr'>et</span> <span class='ocrx_word' id='word_1_151' title='bbox 1201 1534 1372 1572; x_wconf 86' lang='lat' dir='ltr'>Critonis</span> <span class='ocrx_word' id='word_1_152' title='bbox 1404 1533 1594 1572; x_wconf 82' lang='lat' dir='ltr'>Platonici</span> <span class='ocrx_word' id='word_1_153' title='bbox 1625 1532 1736 1571; x_wconf 88' lang='lat' dir='ltr'>testi-</span> 
     </span>
     <span class='ocr_line' id='line_1_19' title="bbox 244 1604 1736 1657; baseline -0.004 -10"><span class='ocrx_word' id='word_1_154' title='bbox 244 1610 421 1648; x_wconf 89' lang='lat' dir='ltr'>monium</span> <span class='ocrx_word' id='word_1_155' title='bbox 452 1609 562 1647; x_wconf 84' lang='lat' dir='ltr'>adest</span> <span class='ocrx_word' id='word_1_156' title='bbox 593 1607 779 1657; x_wconf 85' lang='lat' dir='ltr'>prudenti</span> <span class='ocrx_word' id='word_1_157' title='bbox 811 1606 1070 1645; x_wconf 76' lang='lat' dir='ltr'>existimatori</span> <span class='ocrx_word' id='word_1_158' title='bbox 1093 1617 1341 1655; x_wconf 77' lang='lat' dir='ltr'>nequaquam</span> <span class='ocrx_word' id='word_1_159' title='bbox 1364 1604 1664 1653; x_wconf 86' lang='lat' dir='ltr'>negligendum,</span> <span class='ocrx_word' id='word_1_160' title='bbox 1696 1606 1736 1641; x_wconf 84' lang='lat' dir='ltr'>et</span> 
     </span>
     <span class='ocr_line' id='line_1_20' title="bbox 245 1674 1737 1730; baseline -0.005 -12"><span class='ocrx_word' id='word_1_161' title='bbox 245 1693 315 1730; x_wconf 92' lang='lat' dir='ltr'>per</span> <span class='ocrx_word' id='word_1_162' title='bbox 347 1692 389 1718; x_wconf 92' lang='lat' dir='ltr'>se</span> <span class='ocrx_word' id='word_1_163' title='bbox 422 1680 507 1729; x_wconf 87' lang='lat' dir='ltr'>ipsa</span> <span class='ocrx_word' id='word_1_164' title='bbox 531 1691 594 1717; x_wconf 89' lang='lat' dir='ltr'>res</span> <span class='ocrx_word' id='word_1_165' title='bbox 625 1679 720 1717; x_wconf 89' lang='lat' dir='ltr'>adeo</span> <span class='ocrx_word' id='word_1_166' title='bbox 744 1678 956 1727; x_wconf 87' lang='lat' dir='ltr'>probabilis</span> <span class='ocrx_word' id='word_1_167' title='bbox 978 1682 1057 1725; x_wconf 89' lang='lat' dir='ltr'>est,</span> <span class='ocrx_word' id='word_1_168' title='bbox 1088 1681 1132 1714; x_wconf 90' lang='lat' dir='ltr'>ut</span> <span class='ocrx_word' id='word_1_169' title='bbox 1154 1677 1227 1714; x_wconf 87' lang='lat' dir='ltr'>hoc</span> <span class='ocrx_word' id='word_1_170' title='bbox 1249 1675 1305 1713; x_wconf 89' lang='grc'>310</span> <span class='ocrx_word' id='word_1_171' title='bbox 1326 1676 1473 1713; x_wconf 78' lang='lat' dir='ltr'>factum</span> <span class='ocrx_word' id='word_1_172' title='bbox 1495 1686 1595 1722; x_wconf 87' lang='lat' dir='ltr'>esse,</span> <span class='ocrx_word' id='word_1_173' title='bbox 1617 1674 1737 1712; x_wconf 90' lang='lat' dir='ltr'>etiam</span> 
     </span>
     <span class='ocr_line' id='line_1_21' title="bbox 246 1748 1311 1797; baseline -0.004 -9"><span class='ocrx_word' id='word_1_174' title='bbox 246 1752 278 1789; x_wconf 86' lang='lat' dir='ltr'>si</span> <span class='ocrx_word' id='word_1_175' title='bbox 311 1751 411 1788; x_wconf 86' lang='lat' dir='ltr'>nihil</span> <span class='ocrx_word' id='word_1_176' title='bbox 442 1750 678 1797; x_wconf 86' lang='lat' dir='ltr'>traderetur,</span> <span class='ocrx_word' id='word_1_177' title='bbox 711 1748 1001 1797; x_wconf 83' lang='lat' dir='ltr'>conjiciendum</span> <span class='ocrx_word' id='word_1_178' title='bbox 1032 1751 1163 1785; x_wconf 87' lang='lat' dir='ltr'>tamen</span> <span class='ocrx_word' id='word_1_179' title='bbox 1194 1750 1311 1784; x_wconf 89' lang='lat' dir='ltr'>esset.</span> 
     </span>
    </p>

    <p class='ocr_par' dir='ltr' id='par_1_4' title="bbox 246 1814 1740 2789">
     <span class='ocr_line' id='line_1_22' title="bbox 363 1814 1738 1871; baseline -0.005 -12"><span class='ocrx_word' id='word_1_180' title='bbox 363 1821 575 1871; x_wconf 83' lang='lat' dir='ltr'>Reliquum</span> <span class='ocrx_word' id='word_1_181' title='bbox 608 1820 730 1869; x_wconf 84' lang='lat' dir='ltr'>igitur</span> <span class='ocrx_word' id='word_1_182' title='bbox 766 1819 808 1856; x_wconf 87' lang='lat' dir='ltr'>id</span> <span class='ocrx_word' id='word_1_183' title='bbox 839 1822 991 1857; x_wconf 87' lang='lat' dir='ltr'>tantum</span> <span class='ocrx_word' id='word_1_184' title='bbox 1024 1821 1100 1865; x_wconf 91' lang='lat' dir='ltr'>est,</span> <span class='ocrx_word' id='word_1_185' title='bbox 1139 1821 1184 1855; x_wconf 90' lang='lat' dir='ltr'>ut</span> <span class='ocrx_word' id='word_1_186' title='bbox 1220 1829 1344 1866; x_wconf 89' lang='lat' dir='ltr'>pauca</span> <span class='ocrx_word' id='word_1_187' title='bbox 1381 1817 1429 1854; x_wconf 86' lang='lat' dir='ltr'>de</span> <span class='ocrx_word' id='word_1_188' title='bbox 1460 1814 1738 1854; x_wconf 74' lang='lat' dir='ltr'>vaticinatione</span> 
     </span>
     <span class='ocr_line' id='line_1_23' title="bbox 246 1887 1739 1944; baseline -0.005 -14"><span class='ocrx_word' id='word_1_189' title='bbox 246 1892 314 1930; x_wconf 84' lang='lat' dir='ltr'>illa</span> <span class='ocrx_word' id='word_1_190' title='bbox 352 1890 422 1944; x_wconf 61' lang='grc' dir='ltr'>(ἓξ</span> <span class='ocrx_word' id='word_1_191' title='bbox 448 1890 649 1941; x_wconf 81' lang='grc'><strong>29-31)</strong></span> <span class='ocrx_word' id='word_1_192' title='bbox 687 1891 945 1938; x_wconf 87' lang='lat' dir='ltr'>disseramus,</span> <span class='ocrx_word' id='word_1_193' title='bbox 990 1901 1107 1939; x_wconf 75' lang='lat' dir='ltr'>quam</span> <span class='ocrx_word' id='word_1_194' title='bbox 1152 1891 1310 1937; x_wconf 88' lang='lat' dir='ltr'>propter</span> <span class='ocrx_word' id='word_1_195' title='bbox 1347 1887 1560 1937; x_wconf 85' lang='lat' dir='ltr'>Apologiae</span> <span class='ocrx_word' id='word_1_196' title='bbox 1604 1888 1739 1924; x_wconf 86' lang='lat' dir='ltr'>auctor</span> 
     </span>
     <span class='ocr_line' id='line_1_24' title="bbox 247 1957 1738 2010; baseline -0.004 -10"><span class='ocrx_word' id='word_1_197' title='bbox 247 1962 593 2001; x_wconf 68' lang='lat' dir='ltr'>vehementissime</span> <span class='ocrx_word' id='word_1_198' title='bbox 624 1974 646 1999; x_wconf 91' lang='lat' dir='ltr'>a</span> <span class='ocrx_word' id='word_1_199' title='bbox 678 1961 814 1999; x_wconf 84' lang='lat' dir='ltr'>multis</span> <span class='ocrx_word' id='word_1_200' title='bbox 846 1960 1106 2010; x_wconf 81' lang='lat' dir='ltr'>compellatus</span> <span class='ocrx_word' id='word_1_201' title='bbox 1138 1963 1216 2007; x_wconf 90' lang='lat' dir='ltr'>est,</span> <span class='ocrx_word' id='word_1_202' title='bbox 1250 1970 1419 2006; x_wconf 88' lang='lat' dir='ltr'>summa,</span> <span class='ocrx_word' id='word_1_203' title='bbox 1457 1962 1502 1996; x_wconf 91' lang='lat' dir='ltr'>ut</span> <span class='ocrx_word' id='word_1_204' title='bbox 1538 1969 1624 1995; x_wconf 87' lang='lat' dir='ltr'>mea</span> <span class='ocrx_word' id='word_1_205' title='bbox 1660 1957 1738 1994; x_wconf 83' lang='lat' dir='ltr'>fert</span> 
     </span>
     <span class='ocr_line' id='line_1_25' title="bbox 248 2028 1737 2083; baseline -0.004 -12"><span class='ocrx_word' id='word_1_206' title='bbox 248 2034 395 2083; x_wconf 82' lang='lat' dir='ltr'>opinio,</span> <span class='ocrx_word' id='word_1_207' title='bbox 428 2033 581 2081; x_wconf 85' lang='lat' dir='ltr'>injuria.</span> <span class='ocrx_word' id='word_1_208' title='bbox 644 2032 796 2081; x_wconf 90' lang='lat' dir='ltr'>Nempe</span> <span class='ocrx_word' id='word_1_209' title='bbox 829 2044 915 2070; x_wconf 90' lang='lat' dir='ltr'>eam</span> <span class='ocrx_word' id='word_1_210' title='bbox 947 2030 1198 2076; x_wconf 87' lang='lat' dir='ltr'>sententiam,</span> <span class='ocrx_word' id='word_1_211' title='bbox 1231 2042 1253 2067; x_wconf 91' lang='lat' dir='ltr'>a</span> <span class='ocrx_word' id='word_1_212' title='bbox 1274 2042 1352 2079; x_wconf 83' lang='lat' dir='ltr'>qua</span> <span class='ocrx_word' id='word_1_213' title='bbox 1373 2029 1522 2067; x_wconf 89' lang='lat' dir='ltr'>orditur</span> <span class='ocrx_word' id='word_1_214' title='bbox 1543 2029 1608 2066; x_wconf 88' lang='grc'><strong>1110</strong></span> <span class='ocrx_word' id='word_1_215' title='bbox 1627 2028 1737 2066; x_wconf 85' lang='grc'><strong>100113</strong></span> 
     </span>
     <span class='ocr_line' id='line_1_26' title="bbox 248 2098 1738 2152; baseline -0.005 -10"><span class='ocrx_word' id='word_1_216' title='bbox 248 2105 527 2152; x_wconf 86' lang='lat' dir='ltr'>conclamatus,</span> <span class='ocrx_word' id='word_1_217' title='bbox 561 2103 702 2141; x_wconf 88' lang='lat' dir='ltr'>summi</span> <span class='ocrx_word' id='word_1_218' title='bbox 736 2102 958 2152; x_wconf 87' lang='lat' dir='ltr'>philosophi</span> <span class='ocrx_word' id='word_1_219' title='bbox 990 2101 1207 2139; x_wconf 88' lang='lat' dir='ltr'>constantia</span> <span class='ocrx_word' id='word_1_220' title='bbox 1239 2105 1279 2138; x_wconf 91' lang='lat' dir='ltr'>et</span> <span class='ocrx_word' id='word_1_221' title='bbox 1309 2100 1500 2150; x_wconf 79' lang='lat' dir='ltr'>gravitate</span> <span class='ocrx_word' id='word_1_222' title='bbox 1530 2098 1738 2137; x_wconf 88' lang='lat' dir='ltr'>admodum</span> 
     </span>
     <span class='ocr_line' id='line_1_27' title="bbox 249 2168 1739 2224; baseline -0.005 -12"><span class='ocrx_word' id='word_1_223' title='bbox 249 2176 409 2224; x_wconf 80' lang='lat' dir='ltr'>dignam</span> <span class='ocrx_word' id='word_1_224' title='bbox 458 2186 546 2212; x_wconf 88' lang='lat' dir='ltr'>esse</span> <span class='ocrx_word' id='word_1_225' title='bbox 583 2174 729 2211; x_wconf 84' lang='lat' dir='ltr'>infitias</span> <span class='ocrx_word' id='word_1_226' title='bbox 770 2174 835 2210; x_wconf 74' lang='lat' dir='ltr'>vix</span> <span class='ocrx_word' id='word_1_227' title='bbox 874 2173 1083 2222; x_wconf 76' lang='lat' dir='ltr'>quisquam</span> <span class='ocrx_word' id='word_1_228' title='bbox 1120 2172 1253 2220; x_wconf 74' lang='lat' dir='ltr'>iverit,</span> <span class='ocrx_word' id='word_1_229' title='bbox 1293 2170 1389 2220; x_wconf 85' lang='lat' dir='ltr'>quid</span> <span class='ocrx_word' id='word_1_230' title='bbox 1425 2173 1557 2207; x_wconf 89' lang='lat' dir='ltr'>autem</span> <span class='ocrx_word' id='word_1_231' title='bbox 1595 2168 1739 2206; x_wconf 90' lang='lat' dir='ltr'>mirum</span> 
     </span>
     <span class='ocr_line' id='line_1_28' title="bbox 251 2240 1738 2295; baseline -0.003 -14"><span class='ocrx_word' id='word_1_232' title='bbox 251 2246 354 2295; x_wconf 68' lang='lat' dir='ltr'>quod</span> <span class='ocrx_word' id='word_1_233' title='bbox 386 2246 432 2283; x_wconf 87' lang='lat' dir='ltr'>ab</span> <span class='ocrx_word' id='word_1_234' title='bbox 466 2245 545 2282; x_wconf 88' lang='lat' dir='ltr'>odii</span> <span class='ocrx_word' id='word_1_235' title='bbox 576 2245 615 2282; x_wconf 90' lang='lat' dir='ltr'>in</span> <span class='ocrx_word' id='word_1_236' title='bbox 651 2256 692 2282; x_wconf 91' lang='lat' dir='ltr'>se</span> <span class='ocrx_word' id='word_1_237' title='bbox 724 2244 882 2293; x_wconf 77' lang='lat' dir='ltr'>iraeque</span> <span class='ocrx_word' id='word_1_238' title='bbox 914 2243 1036 2292; x_wconf 66' lang='lat' dir='ltr'>Anyti</span> <span class='ocrx_word' id='word_1_239' title='bbox 1070 2242 1264 2280; x_wconf 82' lang='lat' dir='ltr'>mentione</span> <span class='ocrx_word' id='word_1_240' title='bbox 1286 2241 1387 2279; x_wconf 86' lang='lat' dir='ltr'>facta</span> <span class='ocrx_word' id='word_1_241' title='bbox 1407 2241 1455 2278; x_wconf 87' lang='lat' dir='ltr'>ad</span> <span class='ocrx_word' id='word_1_242' title='bbox 1476 2240 1557 2277; x_wconf 87' lang='lat' dir='ltr'>irae</span> <span class='ocrx_word' id='word_1_243' title='bbox 1578 2240 1738 2287; x_wconf 77' lang='lat' dir='ltr'>fontem,</span> 
     </span>
     <span class='ocr_line' id='line_1_29' title="bbox 250 2310 1740 2363; baseline -0.005 -9"><span class='ocrx_word' id='word_1_244' title='bbox 250 2316 459 2354; x_wconf 83' lang='lat' dir='ltr'>amentiam</span> <span class='ocrx_word' id='word_1_245' title='bbox 493 2315 645 2354; x_wconf 87' lang='lat' dir='ltr'>scilicet</span> <span class='ocrx_word' id='word_1_246' title='bbox 667 2326 899 2363; x_wconf 77' lang='lat' dir='ltr'>morumque</span> <span class='ocrx_word' id='word_1_247' title='bbox 922 2313 1173 2363; x_wconf 73' lang='lat' dir='ltr'>pravitatem,</span> <span class='ocrx_word' id='word_1_248' title='bbox 1205 2325 1228 2350; x_wconf 93' lang='lat' dir='ltr'>a</span> <span class='ocrx_word' id='word_1_249' title='bbox 1248 2311 1444 2361; x_wconf 86' lang='lat' dir='ltr'>praesenti</span> <span class='ocrx_word' id='word_1_250' title='bbox 1466 2323 1565 2361; x_wconf 87' lang='lat' dir='ltr'>quae</span> <span class='ocrx_word' id='word_1_251' title='bbox 1586 2310 1740 2348; x_wconf 83' lang='lat' dir='ltr'>videtur</span> 
     </span>
     <span class='ocr_line' id='line_1_30' title="bbox 250 2381 1740 2433; baseline -0.003 -10"><span class='ocrx_word' id='word_1_252' title='bbox 250 2387 412 2425; x_wconf 72' lang='lat' dir='ltr'>victoria</span> <span class='ocrx_word' id='word_1_253' title='bbox 443 2386 615 2425; x_wconf 89' lang='lat' dir='ltr'>hominis</span> <span class='ocrx_word' id='word_1_254' title='bbox 646 2387 694 2423; x_wconf 86' lang='lat' dir='ltr'>ad</span> <span class='ocrx_word' id='word_1_255' title='bbox 727 2387 899 2423; x_wconf 84' lang='lat' dir='ltr'>futuram</span> <span class='ocrx_word' id='word_1_256' title='bbox 922 2385 1073 2422; x_wconf 86' lang='lat' dir='ltr'>cladem</span> <span class='ocrx_word' id='word_1_257' title='bbox 1096 2383 1344 2433; x_wconf 85' lang='lat' dir='ltr'>progreditur</span> <span class='ocrx_word' id='word_1_258' title='bbox 1364 2381 1533 2420; x_wconf 88' lang='lat' dir='ltr'>transitu</span> <span class='ocrx_word' id='word_1_259' title='bbox 1565 2381 1740 2418; x_wconf 89' lang='lat' dir='ltr'>omnium</span> 
     </span>
     <span class='ocr_line' id='line_1_31' title="bbox 250 2451 1737 2506; baseline -0.005 -11"><span class='ocrx_word' id='word_1_260' title='bbox 250 2457 420 2495; x_wconf 80' lang='lat' dir='ltr'>maxime</span> <span class='ocrx_word' id='word_1_261' title='bbox 464 2457 626 2506; x_wconf 83' lang='lat' dir='ltr'>proclivi</span> <span class='ocrx_word' id='word_1_262' title='bbox 680 2460 719 2494; x_wconf 92' lang='lat' dir='ltr'>et</span> <span class='ocrx_word' id='word_1_263' title='bbox 762 2468 878 2506; x_wconf 82' lang='lat' dir='ltr'>quem</span> <span class='ocrx_word' id='word_1_264' title='bbox 922 2455 1052 2493; x_wconf 72' lang='lat' dir='ltr'>verbis</span> <span class='ocrx_word' id='word_1_265' title='bbox 1097 2455 1320 2503; x_wconf 76' lang='lat' dir='ltr'>exprimere</span> <span class='ocrx_word' id='word_1_266' title='bbox 1363 2453 1425 2490; x_wconf 92' lang='lat' dir='ltr'>his</span> <span class='ocrx_word' id='word_1_267' title='bbox 1467 2453 1550 2490; x_wconf 80' lang='lat' dir='ltr'>fere</span> <span class='ocrx_word' id='word_1_268' title='bbox 1592 2451 1737 2500; x_wconf 88' lang='lat' dir='ltr'>possis:</span> 
     </span>
     <span class='ocr_line' id='line_1_32' title="bbox 251 2521 1739 2577; baseline -0.004 -12"><span class='ocrx_word' id='word_1_269' title='bbox 251 2528 478 2566; x_wconf 72' lang='lat' dir='ltr'>‘Enimvero</span> <span class='ocrx_word' id='word_1_270' title='bbox 511 2527 691 2577; x_wconf 74' lang='lat' dir='ltr'>quamvis</span> <span class='ocrx_word' id='word_1_271' title='bbox 725 2526 922 2576; x_wconf 84' lang='lat' dir='ltr'>superbiat</span> <span class='ocrx_word' id='word_1_272' title='bbox 954 2537 1059 2563; x_wconf 86' lang='lat' dir='ltr'>nunc</span> <span class='ocrx_word' id='word_1_273' title='bbox 1090 2525 1164 2563; x_wconf 89' lang='lat' dir='ltr'>iste</span> <span class='ocrx_word' id='word_1_274' title='bbox 1196 2536 1241 2562; x_wconf 89' lang='lat' dir='ltr'>ac</span> <span class='ocrx_word' id='word_1_275' title='bbox 1262 2524 1448 2571; x_wconf 87' lang='lat' dir='ltr'>laetetur,</span> <span class='ocrx_word' id='word_1_276' title='bbox 1481 2522 1651 2560; x_wconf 88' lang='lat' dir='ltr'>amentia</span> <span class='ocrx_word' id='word_1_277' title='bbox 1671 2521 1739 2559; x_wconf 80' lang='lat' dir='ltr'>issa</span> 
     </span>
     <span class='ocr_line' id='line_1_33' title="bbox 253 2592 1738 2648; baseline -0.005 -12"><span class='ocrx_word' id='word_1_278' title='bbox 253 2599 500 2648; x_wconf 80' lang='lat' dir='ltr'>pravitasque</span> <span class='ocrx_word' id='word_1_279' title='bbox 543 2598 583 2635; x_wconf 90' lang='lat' dir='ltr'>in</span> <span class='ocrx_word' id='word_1_280' title='bbox 627 2598 758 2647; x_wconf 88' lang='lat' dir='ltr'>ipsum</span> <span class='ocrx_word' id='word_1_281' title='bbox 801 2597 978 2635; x_wconf 85' lang='lat' dir='ltr'>recident</span> <span class='ocrx_word' id='word_1_282' title='bbox 1028 2607 1247 2645; x_wconf 86' lang='lat' dir='ltr'>poenasque</span> <span class='ocrx_word' id='word_1_283' title='bbox 1292 2595 1400 2632; x_wconf 89' lang='lat' dir='ltr'>dabit</span> <span class='ocrx_word' id='word_1_284' title='bbox 1448 2606 1518 2643; x_wconf 89' lang='lat' dir='ltr'>per</span> <span class='ocrx_word' id='word_1_285' title='bbox 1561 2592 1738 2639; x_wconf 87' lang='lat' dir='ltr'>eundem,</span> 
     </span>
     <span class='ocr_line' id='line_1_34' title="bbox 253 2663 1740 2719; baseline -0.005 -12"><span class='ocrx_word' id='word_1_286' title='bbox 253 2682 369 2719; x_wconf 72' lang='lat' dir='ltr'>quem</span> <span class='ocrx_word' id='word_1_287' title='bbox 402 2672 562 2718; x_wconf 90' lang='lat' dir='ltr'>propter</span> <span class='ocrx_word' id='word_1_288' title='bbox 594 2672 742 2706; x_wconf 86' lang='lat' dir='ltr'>tantam</span> <span class='ocrx_word' id='word_1_289' title='bbox 773 2668 813 2705; x_wconf 91' lang='lat' dir='ltr'>in</span> <span class='ocrx_word' id='word_1_290' title='bbox 846 2680 909 2706; x_wconf 90' lang='lat' dir='ltr'>me</span> <span class='ocrx_word' id='word_1_291' title='bbox 942 2667 1120 2716; x_wconf 88' lang='lat' dir='ltr'>concepit</span> <span class='ocrx_word' id='word_1_292' title='bbox 1142 2664 1305 2716; x_wconf 80' lang='lat' dir='ltr'>iram.⁷1)</span> <span class='ocrx_word' id='word_1_293' title='bbox 1367 2666 1497 2714; x_wconf 87' lang='lat' dir='ltr'>Atque</span> <span class='ocrx_word' id='word_1_294' title='bbox 1527 2663 1680 2702; x_wconf 91' lang='lat' dir='ltr'>etiamsi</span> <span class='ocrx_word' id='word_1_295' title='bbox 1700 2663 1740 2699; x_wconf 87' lang='lat' dir='ltr'>in</span> 
     </span>
     <span class='ocr_line' id='line_1_35' title="bbox 253 2731 1739 2789; baseline -0.005 -12"><span class='ocrx_word' id='word_1_296' title='bbox 253 2741 327 2785; x_wconf 86' lang='lat' dir='ltr'>eis,</span> <span class='ocrx_word' id='word_1_297' title='bbox 372 2752 471 2789; x_wconf 81' lang='lat' dir='ltr'>quae</span> <span class='ocrx_word' id='word_1_298' title='bbox 509 2744 745 2789; x_wconf 79' lang='lat' dir='ltr'>sequuntur,</span> <span class='ocrx_word' id='word_1_299' title='bbox 790 2738 894 2776; x_wconf 84' lang='lat' dir='ltr'>haud</span> <span class='ocrx_word' id='word_1_300' title='bbox 937 2739 992 2775; x_wconf 87' lang='lat' dir='ltr'>ita</span> <span class='ocrx_word' id='word_1_301' title='bbox 1029 2737 1154 2775; x_wconf 87' lang='lat' dir='ltr'>multa</span> <span class='ocrx_word' id='word_1_302' title='bbox 1191 2735 1389 2773; x_wconf 86' lang='lat' dir='ltr'>miseratio</span> <span class='ocrx_word' id='word_1_303' title='bbox 1427 2738 1625 2781; x_wconf 86' lang='lat' dir='ltr'>cernatur,</span> <span class='ocrx_word' id='word_1_304' title='bbox 1669 2731 1739 2770; x_wconf 80' lang='lat' dir='ltr'>sed.</span> 
     </span>
    </p>

    <p class='ocr_par' dir='ltr' id='par_1_5' title="bbox 374 2834 1738 2886">
     <span class='ocr_line' id='line_1_36' title="bbox 374 2834 1738 2886; baseline -0.006 -11"><span class='ocrx_word' id='word_1_305' title='bbox 374 2842 407 2886; x_wconf 83' lang='lat'>1)</span> <span class='ocrx_word' id='word_1_306' title='bbox 434 2842 596 2876; x_wconf 80' lang='lat' dir='ltr'>Fortasse</span> <span class='ocrx_word' id='word_1_307' title='bbox 623 2841 729 2876; x_wconf 80' lang='lat' dir='ltr'>etiam</span> <span class='ocrx_word' id='word_1_308' title='bbox 756 2840 880 2875; x_wconf 84' lang='lat' dir='ltr'>clarior</span> <span class='ocrx_word' id='word_1_309' title='bbox 906 2850 963 2874; x_wconf 83' lang='lat' dir='ltr'>res</span> <span class='ocrx_word' id='word_1_310' title='bbox 990 2840 1055 2873; x_wconf 86' lang='lat' dir='ltr'>erit</span> <span class='ocrx_word' id='word_1_311' title='bbox 1069 2838 1187 2873; x_wconf 84' lang='lat' dir='ltr'>verbis</span> <span class='ocrx_word' id='word_1_312' title='bbox 1206 2838 1348 2882; x_wconf 86' lang='lat' dir='ltr'>linguae</span> <span class='ocrx_word' id='word_1_313' title='bbox 1369 2838 1509 2871; x_wconf 85' lang='lat' dir='ltr'>nostrae</span> <span class='ocrx_word' id='word_1_314' title='bbox 1527 2834 1738 2879; x_wconf 87' lang='lat' dir='ltr'>interpositis</span> 
     </span>
    </p>
   </div>
   <div class='ocr_carea' id='block_1_3' title="bbox 253 2891 1738 3003">
    <p class='ocr_par' dir='ltr' id='par_1_6' title="bbox 253 2891 1738 3003">
     <span class='ocr_line' id='line_1_37' title="bbox 253 2891 1738 2944; baseline -0.004 -11"><span class='ocrx_word' id='word_1_315' title='bbox 253 2902 344 2934; x_wconf 83' lang='lat' dir='ltr'>inter</span> <span class='ocrx_word' id='word_1_316' title='bbox 371 2902 414 2944; x_wconf 55' lang='grc' dir='ltr'>ἐξ</span> <span class='ocrx_word' id='word_1_317' title='bbox 431 2900 474 2935; x_wconf 81' lang='grc'>29</span> <span class='ocrx_word' id='word_1_318' title='bbox 502 2902 536 2935; x_wconf 88' lang='lat' dir='ltr'>et</span> <span class='ocrx_word' id='word_1_319' title='bbox 561 2899 607 2935; x_wconf 85' lang='lat'>30</span> <span class='ocrx_word' id='word_1_320' title='bbox 632 2900 743 2934; x_wconf 86' lang='lat' dir='ltr'>hisce:</span> <span class='ocrx_word' id='word_1_321' title='bbox 771 2899 881 2934; x_wconf 79' lang='lat' dir='ltr'>‘Aber</span> <span class='ocrx_word' id='word_1_322' title='bbox 906 2909 945 2932; x_wconf 86' lang='lat' dir='ltr'>er</span> <span class='ocrx_word' id='word_1_323' title='bbox 971 2898 1058 2933; x_wconf 79' lang='lat' dir='ltr'>wird</span> <span class='ocrx_word' id='word_1_324' title='bbox 1086 2897 1194 2932; x_wconf 84' lang='lat' dir='ltr'>sehon</span> <span class='ocrx_word' id='word_1_325' title='bbox 1221 2897 1346 2939; x_wconf 86' lang='lat' dir='ltr'>sehen,</span> <span class='ocrx_word' id='word_1_326' title='bbox 1377 2896 1444 2930; x_wconf 84' lang='lat' dir='ltr'>wie</span> <span class='ocrx_word' id='word_1_327' title='bbox 1477 2905 1514 2929; x_wconf 87' lang='grc'><strong>03</strong></span> <span class='ocrx_word' id='word_1_328' title='bbox 1545 2895 1619 2928; x_wconf 83' lang='grc'><strong>111111</strong></span> <span class='ocrx_word' id='word_1_329' title='bbox 1650 2891 1738 2928; x_wconf 79' lang='lat' dir='ltr'>noch</span> 
     </span>
     <span class='ocr_line' id='line_1_38' title="bbox 253 2959 506 3003; baseline -0.008 -10"><span class='ocrx_word' id='word_1_330' title='bbox 253 2960 366 3003; x_wconf 81' lang='lat' dir='ltr'>gehen</span> <span class='ocrx_word' id='word_1_331' title='bbox 392 2959 506 2993; x_wconf 82' lang='lat' dir='ltr'>wird’.</span> 
     </span>
    </p>
   </div>
  </div>
 </body>
</html>
