1820 3340
1478 231 1558 267 123

75 347 256 397 differant
265 377 276 394 ‚
309 347 473 384 dubium
503 346 628 397 esse.1)
696 347 837 384 Contra
868 346 987 384 Dion.
1013 345 1100 383 Hal.
1122 345 1212 383 rhet.
1235 346 1283 383 H
1306 349 1339 383 et
1366 350 1559 384 auctorem

77 417 202 467 Epist.
229 417 331 455 Socr.
355 417 400 454 X
406 417 446 463 V,
480 417 517 454 si
548 417 738 466 Apoloyia
774 420 866 454 nota
903 416 959 454 eis
997 416 1154 465 fuisset,
1197 416 1433 453 mentionem
1477 418 1560 454 etus

79 487 215 525 habere
246 487 419 524 debuisse
425 501 442 534 ,·
474 487 577 536 quod
608 499 697 524 cum
728 499 808 524 non
833 486 922 535 fiat,
955 487 1140 535 scriptam
1171 498 1255 523 eam
1282 489 1370 535 post
1401 486 1556 524 illorum

76 561 248 606 tempora
283 557 412 594 videri.
471 558 523 594 At
560 558 654 595 haec
691 569 740 594 ex
780 556 934 594 silentio
977 560 1206 604 argumenta
1249 568 1366 606 quam
1408 556 1560 595 fallacia

77 627 171 678 sint,
214 626 311 664 locis
348 626 428 664 illis
471 627 588 676 paulo
632 626 858 675 diligentius
902 626 1091 675 inspectis
1135 625 1249 663 facile
1292 627 1557 674 cognoscitur:

75 697 179 746 quod
209 700 340 735 autem
377 697 425 734 de
458 698 658 735 Athenaeo
697 696 934 734 Schmitzius
972 696 1142 745 dubitat,
1188 696 1419 734 dormitasse
1457 709 1558 744 euni,

75 770 119 804 ut
139 767 351 805 Horatiano
373 768 489 805 verbo
512 772 614 816 utar,
637 768 712 805 ista
734 767 965 804 scribentem
989 770 1166 816 apparet,
1199 779 1288 804 cum
1310 779 1386 803 non
1409 767 1559 805 videret

73 849 236 875 necesse
278 837 332 875 ita
376 849 482 885 esse,
530 842 572 875 ut
616 837 990 886 mythographorum
1028 837 1271 886 quorundam
1309 837 1558 886 antiquorum

74 907 153 945 ritu
186 900 360 946 εἴδωλον
391 908 585 957 quoddam
608 907 821 957 Apologiae
851 907 988 956 fingat,
1020 907 1100 954 cui,
1134 907 1236 956 quod
1258 907 1306 944 ad
1329 907 1554 956 Apologiam

74 978 253 1016 omnibus
286 981 415 1016 notam
447 991 584 1027 parum
617 979 808 1028 quadrare
842 977 1035 1025 videatur,
1067 978 1246 1015 ascribat.

191 1060 314 1098 Multo
348 1061 471 1109 magis
503 1065 634 1098 autem
666 1061 707 1097 in
739 1059 1056 1097 deliberationem
1088 1060 1234 1097 cadunt
1265 1072 1363 1109 quae
1386 1072 1556 1109 sequun-

72 1134 153 1168 tur:
184 1124 494 1185 μεγαληγορίαν
525 1131 635 1168 illam
664 1130 771 1168 valde
801 1131 991 1167 (lirersam
1013 1142 1092 1167 esse
1123 1142 1147 1167 a
1171 1130 1341 1168 Socratis
1363 1130 1558 1167 Platonici

72 1201 316 1238 contumacia
336 1213 404 1238 nec
423 1201 561 1238 minus
582 1213 607 1238 a
628 1200 904 1250 Xenophonteo
927 1201 1125 1238 abhorrere
1136 1201 1182 1250 2),
1206 1204 1318 1249 atque
1339 1201 1556 1249 sophistam

65 1270 203 1319 potius
245 1271 505 1320 posteriorum
547 1271 789 1308 saeculorum
833 1271 1007 1308 redolere.
1083 1270 1193 1317 Quod
1237 1271 1555 1309 deliberationem

72 1341 216 1378 habere
247 1341 334 1379 ideo
365 1341 557 1388 diximus,
590 1341 681 1390 qnia
711 1341 958 1391 paucissimi,
991 1341 1122 1388 credo,
1161 1346 1275 1379 erunt
1307 1341 1374 1391 qui
1407 1354 1484 1378 11011
1516 1341 1556 1378 in

71 1411 276 1449 iactatione
314 1412 388 1449 ista
426 1423 524 1461 quae
562 1412 717 1449 videtur
754 1411 1057 1449 insolentissima
1101 1412 1309 1449 offendant.
1372 1413 1423 1449 At
1454 1412 1556 1449 enim

71 1481 229 1531 antiquo
261 1482 408 1519 homini
440 1482 557 1520 talem
592 1494 811 1520 sermonem
843 1482 965 1519 multo
997 1482 1127 1519 minus
1159 1482 1394 1520 insolentem
1427 1482 1554 1519 visum

71 1563 158 1590 esse
189 1564 344 1599 censeo,
390 1565 465 1590 non
510 1564 587 1601 quo
626 1564 695 1590 nos
732 1552 813 1590 illis
846 1552 971 1600 magis
1002 1552 1151 1590 animos
1195 1557 1347 1590 nostros
1391 1553 1555 1602 compri—

71 1634 241 1670 mamus,
275 1622 344 1660 sed
374 1623 465 1672 qnia
495 1622 553 1659 illi
587 1635 685 1672 quae
718 1622 911 1660 sentirent
942 1623 1072 1660 minus
1104 1634 1223 1672 quam
1245 1634 1315 1660 nos
1338 1622 1555 1660 didicerant

69 1693 207 1730 celare.
280 1692 364 1730 Nec
410 1693 618 1742 quicquam
666 1693 773 1730 alind
817 1693 890 1731 hac
935 1705 985 1730 ex
1022 1697 1128 1740 parte
1171 1693 1272 1731 inter
1315 1693 1555 1731 Platonicam

71 1762 472 1812 Xenophonteamque
502 1763 667 1801 interest
698 1763 774 1801 nisi
806 1764 920 1801 fallor
951 1764 1199 1813 Apologiam,
1231 1763 1309 1801 nisi
1336 1764 1393 1809 id,
1426 1771 1470 1801 ut
1492 1764 1554 1801 hic

70 1833 269 1871 incondita
306 1837 344 1871 et
375 1833 462 1870 rudi
500 1846 593 1871 voce
624 1834 728 1872 idem
766 1834 886 1881 dicat,
932 1834 1035 1883 quod
1082 1834 1149 1872 ille
1194 1834 1317 1871 ironia
1361 1834 1554 1872 Socratica,

71 1904 183 1952 quasi
215 1903 383 1952 quodam
416 1904 504 1942 velo
536 1904 791 1942 subtilissimo
822 1904 996 1942 involvit.
1060 1904 1110 1942 Ut
1140 1908 1271 1942 autem
1308 1905 1349 1941 in
1381 1904 1555 1942 Platonis

70 1973 421 2023 Xenophontisque
453 1974 611 2023 scriptis
642 1974 805 2023 reliquis
836 1987 913 2011 non
945 1975 1039 2012 item
1073 1974 1333 2023 offendamus,
1371 1986 1415 2012 eo
1448 1974 1554 2011 vide-

190 2124 222 2166 1)
250 2123 271 2157 1.
290 2123 312 2157 l.
339 2134 370 2166 p.
388 2122 471 2157 223:
500 2123 590 2157 ‘The
610 2134 699 2167 copy
719 2123 763 2166 of
776 2123 1010 2167 Xenophon’s
1031 2123 1208 2167 Apoloyy,
1237 2122 1428 2166 therefore,
1455 2123 1553 2166 from

68 2181 186 2215 which
212 2181 419 2215 Athenaeus
444 2193 558 2215 seems
585 2185 617 2215 to
644 2185 747 2225 quote
773 2203 817 2208 —-
842 2181 902 2225 for
928 2182 983 2215 the
1004 2193 1163 2225 passaye
1188 2182 1269 2215 does
1295 2185 1356 2215 not
1376 2193 1485 2215 occur
1510 2182 1551 2215 in

69 2250 145 2284 any
170 2239 270 2273 other
295 2239 339 2282 of
358 2239 590 2284 Xenophon's
616 2240 732 2274 norhs
759 2260 802 2264 —
831 2243 928 2274 must
954 2240 1042 2273 have
1069 2240 1152 2274 been
1177 2240 1347 2283 different
1372 2239 1468 2283 from
1497 2241 1551 2273 the

67 2309 134 2332 one
159 2298 277 2331 which
302 2310 351 2332 we
371 2310 534 2342 possess,
562 2299 638 2332 aoid
663 2298 692 2332 it
719 2302 853 2332 cannot
880 2299 917 2332 be
943 2299 1030 2332 said
1054 2298 1142 2332 with
1168 2310 1242 2343 (my
1269 2298 1450 2343 certainty
1476 2299 1552 2332 that

69 2367 138 2390 our
161 2359 307 2400 present
339 2356 501 2401 Apotoyy
538 2357 573 2390 is
611 2357 667 2390 the
698 2369 799 2391 same
831 2369 873 2391 as
905 2357 961 2391 the
993 2368 1058 2391 one
1089 2357 1205 2390 ‘ethich
1240 2356 1447 2390 Athenaeus
1480 2357 1553 2390 had

69 2415 187 2458 before
212 2415 316 2450 himss

187 2474 221 2515 ⁶2)
247 2473 270 2507 1.
289 2473 310 2507 1.
338 2485 370 2517 p.
388 2474 471 2509 226:
500 2474 628 2508 ‘There
653 2474 688 2508 is
714 2474 845 2508 indeed
868 2485 891 2507 a
909 2474 1000 2508 he'ncl
1015 2474 1322 2520 οἷμεγαληγορία
1336 2475 1552 2518 perceptible

67 2531 111 2565 in
137 2532 192 2566 the
218 2531 477 2566 Memorabilia
502 2544 544 2566 as
569 2533 649 2566 well
673 2544 715 2566 as
742 2532 784 2566 in
809 2533 950 2566 Plato's
976 2533 1152 2577 Apoloyy,
1180 2533 1241 2567 but
1266 2533 1297 2567 it
1323 2533 1358 2567 is
1376 2545 1459 2577 very
1477 2533 1551 2576 dif-

66 2589 182 2633 ferent
207 2589 304 2633 srom
331 2590 408 2624 that
433 2590 520 2624 with
544 2591 661 2625 which
690 2603 737 2624 we
763 2591 899 2625 become
926 2591 1147 2635 acquainted
1178 2592 1220 2625 in
1252 2592 1308 2625 the
1333 2592 1551 2636 Xenophon-

68 2651 152 2682 tean
177 2648 355 2693 Apotoyy,
390 2649 465 2682 and
489 2649 606 2683 which
639 2649 673 2683 is
699 2653 761 2683 not
787 2650 937 2683 attested
967 2650 1010 2693 by
1042 2661 1116 2694 any
1148 2650 1247 2684 other
1279 2650 1488 2694 authorum
1521 2650 1551 2683 it

67 2706 119 2749 is,
147 2710 180 2741 to
207 2707 245 2741 be
270 2707 381 2751 brief,
405 2708 560 2751 opposed
583 2711 616 2741 to
643 2708 695 2742 all
719 2719 769 2742 we
794 2709 895 2742 know
921 2708 1027 2742 about
1046 2708 1101 2741 the
1119 2708 1309 2742 character
1326 2708 1370 2749 of
1385 2708 1551 2742 Socrates

67 2765 165 2809 from
191 2766 290 2800 other
315 2777 478 2809 sources,
504 2767 579 2800 and
605 2767 708 2800 bears
734 2770 859 2810 strony
880 2768 1005 2801 marles
1024 2766 1068 2809 of
1075 2767 1131 2801 the
1151 2767 1386 2810 exayqerated
1403 2766 1550 2800 notions

67 2823 184 2858 which
221 2836 245 2858 a
275 2825 502 2859 rhetorieian
538 2825 614 2859 who
654 2825 749 2859 tired
780 2826 875 2859 three
907 2837 949 2859 or
979 2825 1066 2868 four
1097 2825 1280 2859 centuries
1313 2826 1404 2859 later
1434 2826 1552 2859 would

67 2883 258 2927 naturally
283 2883 380 2926 form
406 2883 451 2927 of
472 2883 662 2918 Socrates?
