1820 3340
1475 268 1554 306 111

77 385 245 424 vioribus
265 384 299 422 is
320 383 533 421 rationibus
555 384 826 432 impugnetur3
861 383 964 433 quod
986 395 1102 433 quam
1125 395 1261 421 verum
1284 385 1354 431 sit⁷
1376 384 1557 435 exemplo

76 455 179 494 haud
210 455 288 493 scio
318 466 368 492 an
400 454 480 491 sint
511 454 636 503 ipsius
668 454 786 503 hujus
807 454 932 492 libelli
954 454 1077 492 nostri
1098 454 1204 504 apud
1226 454 1402 493 homines
1423 455 1558 494 doctos

76 525 155 564 fata
184 525 325 562 futura.
378 524 439 561 Ad
471 524 623 574 reliqua
653 524 702 562 cf.
735 528 831 574 part.
854 524 885 562 Ι.

195 596 259 632 13.
292 593 502 632 Oraeulum
533 594 716 643 Lycurgo
748 595 795 632 ab
827 594 1009 643 Apolline
1041 595 1176 632 datum
1207 595 1303 633 duas
1335 607 1397 633 res
1429 595 1466 633 ei
1498 607 1558 634 re-

74 665 372 716 prehendendas
416 665 702 703 subministrat:
747 665 918 714 primum
964 677 1040 715 quo
1072 665 1252 717 consilio,
1296 665 1437 703 deinde
1481 678 1557 716 quo

74 735 188 774 modo
218 735 318 772 illud
348 735 531 773 afferatur
562 736 749 784 queritur.
813 735 966 784 ‘Itaque
997 735 1066 773 illo
1088 736 1237 773 oraculi
1266 748 1466 785 responso,
1499 736 1557 774 in-

75 806 174 856 quit,
207 818 328 855 quum
363 806 537 843 Socrates
568 805 713 843 iudices
746 803 874 858 [quasi
906 817 984 843 non
1005 802 1076 843 ἵνα
1100 800 1138 844 οἱ
1161 803 1412 856 βουλόμενοι
1445 802 1555 844 ἄπι-

76 878 206 915 στῶσι
251 876 372 924 dicat,
416 876 484 914 sed
521 873 592 913 ἵνα
630 872 857 930 ἀπισῑῆτε]
902 876 1115 914 admodum
1158 877 1349 914 irritasset
1393 880 1425 914 et
1468 889 1556 914 eum

75 946 230 996 quidem
260 946 400 995 finem,
445 959 557 996 quem
590 947 669 995 ipsi
699 947 909 996 Apoloyiae
940 947 1104 996 scriptor
1135 947 1288 994 tribuit,
1334 947 1424 985 bene
1455 959 1556 985 asse-

74 1019 220 1066 quutus
250 1021 365 1063 esset,
398 1017 523 1055 subito
548 1017 669 1066 plane
691 1021 825 1066 partes
856 1017 1042 1067 relinquit
1081 1021 1114 1055 et
1145 1017 1262 1067 quasi
1291 1018 1342 1055 ad
1372 1018 1557 1067 mitiyan-

74 1087 165 1125 dam
194 1087 370 1125 iudicum
401 1087 505 1125 iram
541 1100 589 1125 ne
619 1088 813 1126 mirentur
849 1091 951 1134 orat,
998 1100 1122 1137 quum
1158 1088 1313 1126 maiora
1350 1089 1468 1126 etiam
1514 1088 1558 1126 de

72 1157 249 1206 Istjeuryo
280 1158 326 1195 ab
357 1158 537 1207 Apolline
563 1158 718 1207 prolata
749 1158 853 1196 sint?
912 1159 965 1196 At
996 1171 1133 1207 parum
1172 1158 1383 1207 diligenter
1413 1158 1556 1208 Apolo-

72 1228 176 1277 giam
206 1227 320 1276 legit:
352 1240 430 1266 non
463 1230 594 1277 ‘quast
615 1228 665 1266 acl
684 1228 945 1277 mitiyandam
957 1229 1140 1277 judicum
1169 1229 1273 1266 iram
1294 1241 1342 1266 ne
1363 1229 1557 1267 mirentur

72 1298 185 1345 orat',
230 1298 300 1336 sed
342 1298 488 1336 oraculi
530 1298 638 1336 illius
681 1298 884 1336 veritatem
921 1298 1187 1336 demonstrare
1226 1298 1359 1336 studet
1405 1299 1556 1336 duabus

71 1369 306 1407 rationibus:
339 1380 384 1406 ea
414 1368 585 1418 primum
617 1368 657 1419 (ξ
685 1368 752 1419 15)
784 1372 828 1406 ut
858 1369 936 1407 tale
968 1368 1063 1418 quId
1103 1380 1180 1406 non
1210 1368 1431 1406 inauditum
1470 1380 1557 1407 esse

71 1439 246 1488 Lycurgi
277 1438 458 1488 exemplo
490 1438 685 1487 ostendat,
717 1439 861 1477 deinde
892 1437 959 1490 (ἐξ
986 1440 1171 1489 16-18)
1194 1439 1264 1487 ita,
1296 1442 1341 1476 ut
1361 1439 1556 1489 Apollinis

69 1510 261 1559 judicium
292 1521 428 1548 verum
459 1521 546 1547 esse
578 1509 810 1558 singillatim
833 1510 1051 1548 convincat.
1105 1508 1170 1547 Sic
1191 1509 1297 1547 enim
1319 1510 1416 1548 haec
1437 1510 1556 1548 inter-

72 1581 261 1630 pretanda
292 1592 379 1618 esse
418 1580 480 1618 vel
511 1592 562 1617 ex
592 1580 743 1618 voculis
780 1575 858 1629 μέν
894 1583 934 1618 et
972 1576 1020 1618 δέ
1056 1576 1180 1632 (ἀλλὰ
1210 1574 1342 1630 μείζω
1373 1574 1452 1630 μὲν
1485 1610 1523 1617 ..

71 1647 187 1700 ὅμως
217 1645 264 1688 δὲ
297 1680 336 1688 ..
359 1650 382 1700 .)
415 1650 490 1688 sibi
520 1651 845 1700 respondentibus
883 1652 1144 1700 cognoscitur.
1189 1674 1243 1678 -—
1288 1651 1438 1688 Deinde
1468 1651 1555 1700 ipsa

73 1721 221 1759 oraculi
250 1721 359 1759 verba
397 1721 554 1759 laudare
591 1734 919 1770 supervacaneum
963 1725 996 1760 et
1038 1722 1179 1760 inutile
1222 1719 1369 1773 fuisse,
1416 1721 1555 1771 quippe

73 1804 171 1841 quae
202 1792 385 1830 omnibus
415 1792 567 1840 coynita
598 1795 744 1839 essent‚·
781 1792 819 1829 si
848 1796 978 1830 autem
1014 1796 1114 1830 recta
1150 1792 1323 1830 oratione
1361 1792 1556 1830 laudanda

71 1863 258 1912 fuissent,
291 1862 402 1900 verba
429 1861 522 1900 adeo
543 1862 628 1911 ipso
650 1862 823 1900 adhibita
844 1863 1017 1900 debuisse
1036 1863 1163 1909 reddi,
1197 1876 1294 1912 quae
1314 1863 1451 1900 Herod.
1466 1863 1493 1900 I
1502 1864 1554 1901 65

72 1932 256 1981 leyantur.
319 1931 469 1980 Quibus
501 1932 714 1982 quidquam
746 1933 889 1971 addere
920 1937 960 1971 et
990 1933 1119 1983 ipsum
1152 1945 1484 1983 supervacaneum
1515 1938 1555 1971 et

69 2002 210 2041 inutile
242 2003 398 2041 videtur
429 2015 526 2041 esse.

192 2075 256 2111 14.
288 2074 370 2112 Iam
405 2074 582 2122 singulae
614 2071 637 2126 ξ
664 2075 714 2112 16
755 2074 974 2112 sententiae
1011 2074 1259 2123 castigantur.
1321 2074 1379 2112 De
1410 2074 1552 2123 prima:

73 2146 84 2164 ‘
95 2143 226 2192 Vides,
270 2144 417 2194 inquit,
461 2144 649 2193 duplicem
689 2145 810 2182 huius
849 2145 1032 2182 libertatis
1069 2145 1360 2194 explicationem
1396 2157 1470 2194 per
1515 2158 1554 2182 se

70 2215 368 2264 improbandam
399 2215 611 2253 admodum
647 2228 745 2262 esse,
792 2227 912 2264 quum
958 2215 1076 2253 altera
1120 2219 1274 2253 tantum
1317 2215 1369 2253 ad
1403 2228 1483 2253 rem
1521 2219 1554 2253 et

63 2286 193 2334 possit
206 2286 399 2334 pertinere
420 2289 453 2323 et
468 2286 659 2334 pertineat
680 2286 893 2323 seeundum
920 2286 1097 2335 Xenopli.
1122 2286 1237 2324 Mem.
1259 2286 1286 2323 I
1302 2288 1342 2333 2>
1358 2296 1382 2327 5
1403 2283 1554 2325 τούτου

71 2355 161 2406 (τοῦ
195 2353 389 2409 χρήματα
433 2352 726 2407 πράττεσθαι)
771 2352 1038 2407 ἀπεχόμενος
1082 2352 1270 2406 ἐνόμιζεν
1308 2350 1554 2408 ἐλευθερίας

71 2422 406 2476 ἐπιμελεῖσθαι]
474 2426 564 2465 Alia
601 2427 721 2475 igitur
763 2428 912 2465 ratione
957 2421 1205 2479 ἐλευθερίας
1244 2421 1549 2477 ἐπιμελεῖσθαι

70 2509 148 2534 non
184 2497 301 2535 licet?
369 2496 443 2544 Qui
487 2494 746 2536 δουλεύειν
788 2497 883 2544 ταῖς
926 2501 1002 2536 τοῦ
1047 2495 1244 2549 σώματος
1288 2492 1554 2548 ἐπιθυμίαις

69 2567 275 2616 indignum
317 2567 481 2617 judicat,
525 2579 653 2605 nonne
696 2568 731 2606 is
769 2561 1014 2621 ἐλευθέριος
1050 2569 1134 2606 iure
1172 2569 1347 2606 dicatur?
1413 2568 1552 2606 Nonne

69 2638 292 2688 voluptates
323 2639 493 2688 corporis
522 2639 629 2688 ipsae
650 2639 807 2676 vinculo
829 2651 919 2677 cum
940 2639 1125 2677 aviditate
1146 2639 1335 2688 pecuniae
1356 2639 1552 2677 artissimo

71 2712 164 2746 sunt
194 2709 422 2758 copulatae‘.>
455 2731 508 2735 —
543 2709 640 2746 Tum
672 2709 916 2758 indignatur,
949 2709 1052 2758 qnod
1085 2709 1278 2755 Socrates,
1311 2721 1399 2746 eum
1422 2709 1552 2747 Xeno-

62 2779 206 2828 phonti
237 2779 450 2817 libertati
481 2779 668 2817 studere
704 2780 891 2827 videatur)
930 2780 975 2817 in
1013 2780 1202 2829 Apologia
1232 2780 1444 2817 omnium
1475 2779 1552 2817 lio-

69 2850 251 2888 minum
284 2850 659 2888 liberalissimus
690 2850 906 2900 appelletur.
961 2849 1084 2897 Quam
1106 2851 1236 2888 acute!
1291 2850 1367 2889 Sed
1390 2850 1551 2898 utinam⁷

70 2920 161 2969 quid
192 2932 283 2959 vere
315 2921 521 2959 interesset
552 2920 654 2958 inter
683 2920 772 2959 illos
803 2921 909 2959 locos
947 2921 1011 2971 (cf.
1044 2933 1079 2970 p.
1103 2920 1191 2970 48),
1224 2933 1389 2959 acumen
1419 2921 1470 2969 ei,
1509 2926 1553 2958 ut
