1820 3340
1480 240 1533 277 39

55 357 356 406 Xenophontem
386 356 460 393 hoc
492 355 575 394 1000
607 355 856 394 Palamedem
888 355 1093 392 credamus
1125 355 1312 401 tacuisse,
1345 355 1434 404 quia
1467 354 1534 393 So-

54 430 179 466 crates
209 426 251 463 in
282 425 453 464 oratione
484 426 589 475 apud
610 425 761 475 judices
783 424 912 462 habita
933 436 1068 462 revera
1100 424 1155 475 (id
1177 425 1282 474 quod
1302 425 1385 463 veri
1407 425 1535 463 simile

53 509 142 535 esse
172 496 274 534 infra
305 495 510 534 ostendere
541 508 603 534 me
636 507 750 545 posse
783 494 907 544 spero)
941 494 1162 532 Palamedis
1185 495 1414 546 exemplum
1434 498 1535 533 attu-

53 567 170 606 lerat:
203 578 279 616 quo
311 566 412 604 facto
444 565 662 615 Xenophon
693 565 829 603 eodem
851 577 940 603 eum
962 565 1143 614 exemplo
1169 565 1210 601 111
1232 565 1424 614 colloquio
1446 576 1535 603 cum

53 638 298 685 Hermogene
330 639 442 674 antea
472 636 602 673 habito
634 639 811 674 utentem
842 636 973 672 minus
1002 639 1092 684 apte
1128 635 1263 673 induci
1294 638 1446 684 poterat
1477 647 1535 672 ar-

52 707 195 745 bitrari.

167 777 304 826 Itaque
336 788 491 814 omnem
523 776 571 814 de
603 776 740 814 ultimo
769 775 1080 813 Memorabilium
1104 775 1230 824 capite
1253 775 1535 813 dubitationem

51 848 289 897 deponamus
327 859 402 884 11011
440 847 554 884 modo
591 846 698 893 licet,
744 846 813 884 sed
851 857 913 883 res
950 845 1035 894 ipsa
1074 845 1233 894 flagitat.
1297 845 1409 883 Unde
1441 845 1534 895 quid

49 921 326 967 consequatur,
358 920 548 967 apertum.

49 1046 81 1100 ξ
105 1046 148 1088 5.
200 1045 267 1087 De
290 1045 544 1099 Apologiae
575 1056 683 1087 cum
704 1043 860 1098 primo
884 1043 1131 1097 alteroque
1154 1042 1534 1085 Memorabilium

469 1115 705 1169 capitibus
737 1113 1106 1156 necessitudine.

167 1200 243 1238 Sed
275 1202 431 1249 praeter
462 1199 615 1237 exitum
636 1198 949 1236 Memorabilium
981 1199 1097 1236 etiam
1130 1197 1243 1235 alteri
1275 1209 1409 1235 eorum
1433 1198 1533 1246 parti

46 1274 180 1320 aperta
211 1270 389 1319 cognatio
421 1282 510 1308 cum
542 1269 732 1318 Apologia
763 1269 988 1307 intercedit:
1020 1268 1146 1306 libriI
1177 1267 1371 1317 capitibus
1397 1268 1417 1305 1
1446 1270 1485 1305 et
1509 1268 1531 1304 2

45 1353 137 1379 cum
179 1341 344 1379 Socratis
388 1341 427 1377 in
471 1339 661 1389 Apologia
704 1339 947 1377 sermonibus
993 1336 1057 1391 (ἓὲ
1085 1339 1274 1376 11-21.
1322 1337 1532 1386 24—26).

48 1411 221 1459 Quorum
265 1411 368 1448 inter
411 1422 453 1448 se
498 1410 786 1448 contentionem
831 1409 1036 1447 instituere
1080 1421 1125 1447 eo
1170 1409 1245 1447 erit
1281 1407 1532 1455 fructuosius,

46 1482 138 1531 quia
168 1482 227 1519 illi
259 1480 569 1519 Memorabilium
600 1480 700 1530 parti
722 1492 860 1518 manus
882 1492 960 1517 non
982 1480 1129 1525 attulit,
1163 1481 1352 1528 quantum
1375 1478 1533 1528 quidem

45 1553 95 1590 ad
127 1554 298 1590 nostram
321 1551 589 1601 quaestionem
609 1551 794 1600 pertinet,
827 1550 991 1588 saevitia
1018 1550 1243 1587 criticorum
1255 1549 1301 1597 1),
1333 1561 1410 1598 qua
1440 1548 1534 1586 alio-

46 1623 142 1673 quin
178 1626 313 1660 notum
357 1624 416 1659 est
453 1624 693 1671 quantopere
731 1620 994 1659 Memorabilia
1041 1620 1119 1658 sint
1162 1620 1340 1657 lacerata.
1402 1620 1533 1668 Atque

45 1693 169 1743 primo
201 1695 361 1742 aspectu
392 1695 500 1741 patet
531 1691 723 1729 eiusmodi
761 1691 1031 1740 cognationem
1063 1690 1169 1728 illam
1202 1701 1306 1737 esse,
1345 1701 1458 1727 nemo
1490 1693 1533 1726 ut

45 1764 208 1801 alterum
241 1763 430 1812 scriptum
462 1763 509 1800 ab
541 1762 664 1800 altero
687 1762 860 1811 pendere
891 1774 969 1799 non
1001 1761 1200 1810 extemplo
1222 1759 1434 1810 perspiciat
1466 1763 1532 1798 aut

45 1833 170 1883 possit
191 1834 238 1871 de
261 1833 375 1871 tertio
397 1833 564 1882 quodam
587 1832 717 1870 nescio
740 1844 816 1881 quo
838 1844 953 1881 opere
976 1832 1107 1880 ignoto
1129 1831 1315 1880 cogitare,
1347 1830 1397 1868 ad
1419 1831 1532 1868 cuius

44 1904 271 1954 exemplum
304 1907 513 1953 utrumque
546 1903 598 1940 sit
628 1903 898 1952 compositum.

164 1974 262 2012 Cum
293 1976 424 2012 autem
458 1973 768 2011 Memorabilium
799 1972 868 2009 illa
890 1972 1018 2022 capita
1039 1971 1144 2009 haud
1166 1983 1290 2021 pauca
1310 1971 1530 2017 exhibeant,

43 2057 208 2095 quorum
240 2045 279 2082 in
312 2044 503 2094 Apologia
534 2055 582 2081 ne
614 2043 780 2092 vestigia
811 2042 973 2092 quidem
1010 2045 1184 2089 exstant,
1222 2042 1320 2080 haec
1358 2041 1531 2090 primum

42 2115 136 2154 libet
167 2116 208 2153 in
239 2115 507 2165 quaestionem
538 2126 686 2152 vocare.
749 2114 807 2151 Ac
838 2113 1054 2165 plurimum
1077 2112 1236 2162 quidem
1258 2114 1389 2150 nostra
1410 2111 1530 2150 inter-

43 2189 104 2225 est
135 2185 300 2224 inveniri
338 2186 440 2223 inter
470 2185 538 2222 illa
569 2185 776 2234 quaedam,
815 2196 914 2233 quae
952 2183 1164 2233 Apologiae
1202 2182 1423 2220 Platonicae
1461 2182 1529 2220 ad-

43 2259 235 2295 moneant.
298 2255 398 2294 Sunt
428 2258 559 2293 autem
591 2255 706 2292 haec:

165 2324 207 2379 1)
237 2326 354 2364 Mem.
376 2325 396 2363 Ι
422 2326 457 2374 1,
481 2335 501 2368 5
540 2325 737 2364 Socratem
769 2325 862 2363 deos
895 2324 1051 2362 omnino
1089 2336 1166 2361 non
1197 2335 1284 2362 esse
1315 2322 1529 2361 credidisse

43 2398 110 2448 qui
149 2396 405 2445 contendunt,
449 2396 690 2443 refutantur,
738 2395 855 2445 idque
898 2394 1190 2433 ratiocinatione
1233 2406 1282 2432 ex
1327 2392 1529 2432 daemonio

42 2468 180 2518 petita;
225 2467 329 2505 idem
368 2470 500 2505 autem
537 2466 649 2504 Plato
687 2466 813 2517 (Apol.
845 2466 897 2504 26
915 2466 949 2515 0)
990 2465 1192 2504 Socratem
1235 2464 1330 2502 facit
1373 2464 1529 2502 convin-

42 2541 212 2586 centem,
244 2549 334 2575 cum
365 2537 406 2574 in
437 2537 550 2586 Apol.
582 2536 864 2586 Xenophontea
896 2536 944 2574 de
965 2535 1022 2574 eis
1051 2538 1204 2574 tantum
1226 2535 1429 2584 cogitetur,
1462 2534 1529 2584 qui

161 2664 196 2708 1)
221 2663 300 2697 Nisi
326 2663 416 2706 quod
442 2662 685 2697 Hartmannus
711 2661 747 2695 in
766 2660 949 2696 Analectis
966 2661 1234 2704 Xenophonteis
1260 2660 1384 2704 (Lugd.
1404 2660 1526 2694 Batav.

41 2722 148 2766 1887)
174 2722 280 2766 cap.I
305 2720 482 2766 §g2—9,
509 2721 602 2755 idem
629 2721 664 2755 et
690 2720 868 2754 Gilbertus
893 2730 967 2764 cap.
982 2719 1019 2754 II
1045 2720 1087 2762 §g
1102 2720 1146 2754 62
1175 2720 1210 2753 et
1236 2718 1280 2753 63
1307 2718 1445 2762 spurias
1471 2717 1527 2761 ju-

41 2781 173 2824 dicant3
206 2781 248 2814 de
275 2790 349 2824 cap.
370 2781 388 2814 I
419 2780 462 2823 ἓξ
479 2779 616 2814 17-19
649 2779 706 2814 vel
735 2778 781 2814 20
814 2778 1008 2820 Gilbertus,
1040 2778 1083 2812 de
1110 2778 1146 2812 Π
1171 2779 1190 2822 ξ
1211 2777 1256 2812 64
1287 2777 1527 2812 Hartmannus

41 2839 236 2882 addubitat3
262 2839 442 2873 Krohnius
467 2839 585 2873 autem
611 2838 646 2872 in
672 2837 905 2872 famosissimo
937 2836 996 2871 illo
1022 2836 1109 2871 libro
1143 2836 1202 2880 qui
1234 2836 1438 2870 inscribitur
1463 2834 1526 2869 So-

41 2900 154 2934 crates
172 2899 208 2932 et
224 2897 423 2942 Xenophon
441 2896 534 2942 (Hal.
549 2897 631 2932 Sax.
649 2897 772 2941 1875),
797 2896 1038 2931 tantummodo
1056 2895 1091 2930 11
1106 2894 1245 2931 62—64
1264 2894 1420 2930 seclusas
1438 2893 1526 2929 vult.
