1820 3340
173 839 273 903 Non
312 866 394 904 sine
431 866 536 904 fastu
574 866 742 916 quodam
779 878 862 914 eos,
905 866 971 916 qui
1010 869 1234 904 exactarum
1271 879 1367 917 quas
1405 867 1542 905 dicunt

56 936 349 986 disciplinarum
382 937 621 986 provinciam
654 936 945 985 administrant,
984 937 1186 987 despicere
1220 961 1273 965 —
1307 938 1417 988 quasi
1448 950 1540 977 vero

55 1007 208 1057 propria
235 1007 418 1045 materiae
445 1010 584 1044 natura
605 1007 894 1057 difficultasque
917 1007 1152 1056 ignominiae
1174 1020 1262 1046 esse
1284 1009 1410 1057 possit
1430 1008 1541 1047 illam

56 1078 331 1115 tractantibus!
366 1100 420 1105 —-
454 1078 652 1116 doctrinae
683 1090 807 1126 genus
839 1078 1023 1126 alterum,
1056 1081 1190 1128 utpote
1213 1079 1318 1128 quod
1339 1091 1540 1129 nunquam

56 1159 147 1186 suae
186 1148 371 1186 scientiae
403 1150 634 1198 assequatur
666 1147 915 1186 stabilitatem
949 1149 1100 1186 firmam
1131 1152 1356 1199 certamque
1389 1149 1540 1187 subtili-

54 1221 188 1267 tatem,
221 1218 362 1256 cotidie
394 1218 485 1256 licet
516 1218 697 1268 experiri.
753 1219 883 1268 Atque
915 1222 975 1257 est
1006 1219 1102 1257 haec
1133 1231 1225 1257 sane
1258 1232 1409 1268 earum,
1442 1232 1541 1270 quae

54 1288 93 1326 111
130 1288 216 1338 ipso
254 1289 411 1327 homine
450 1289 548 1338 sive,
586 1292 630 1326 ut
667 1289 794 1327 dicere
834 1289 977 1338 solent,
1015 1290 1057 1326 in
1091 1290 1220 1327 animo
1252 1291 1422 1328 humano
1454 1303 1539 1329 ver-

56 1362 190 1397 santur
228 1359 522 1409 disciplinarum
554 1359 650 1397 ratio
682 1363 799 1409 atque
830 1362 986 1408 natura,
1026 1363 1071 1397 ut
1102 1373 1225 1410 pauca
1256 1361 1542 1399 theorematum

55 1429 418 1468 mathematicorum
439 1431 561 1468 instar
581 1430 734 1480 possint
754 1430 1028 1480 demonstrari,
1061 1431 1247 1480 pleraque
1268 1431 1542 1481 relinquantur

53 1499 94 1537 in
116 1500 343 1549 opinionum
364 1501 454 1550 plus
476 1501 656 1539 minusve
672 1500 908 1539 incertarum
925 1513 1190 1553 vagarumque
1206 1501 1377 1550 regione.
1414 1501 1540 1549 Quare

53 1574 97 1608 ut
134 1583 313 1621 campum
351 1571 464 1609 illum
504 1571 754 1610 dubitationis
792 1571 1070 1609 imminuamus
1109 1584 1227 1622 quam
1265 1572 1437 1611 maxime
1473 1585 1540 1611 an-

53 1641 346 1691 gustioremque
367 1642 568 1689 faciamus,
592 1654 668 1691 quo
690 1642 804 1691 plura
827 1641 972 1680 sensim
995 1641 1241 1680 obtineamus
1262 1645 1353 1680 ποῦ
1374 1645 1540 1693 στῶμεν

51 1712 134 1750 loca
167 1712 386 1762 quibusque
418 1713 647 1751 insistentes
670 1713 826 1750 firmum
849 1712 960 1762 quasi
982 1712 1202 1750 aedificium
1224 1716 1427 1751 exstruere
1450 1725 1539 1763 pos-

54 1782 192 1831 simus,
226 1794 471 1833 snmmopere
502 1783 615 1821 nobis
647 1783 877 1821 enitendum
908 1795 995 1821 esse
1026 1783 1142 1821 facile
1172 1787 1342 1834 apparet.
1395 1784 1459 1823 Ita
1490 1797 1540 1822 ex

53 1853 157 1891 omni
196 1853 433 1892 dubitatione
471 1854 591 1892 eximi
629 1866 743 1903 posse
781 1854 1048 1904 quaestionem
1086 1854 1213 1902 illam,
1259 1867 1358 1904 quae
1395 1858 1455 1893 est
1493 1856 1541 1893 de

52 1922 253 1973 apologiae
276 1923 446 1962 Socratis
476 1924 578 1962 inter
598 1924 873 1973 Xenophontis
905 1936 1021 1974 opera
1052 1925 1218 1963 traditae
1243 1929 1416 1974 auctore,
1450 1938 1540 1964 cum

51 1994 148 2031 mihi
174 2007 223 2033 ex
250 2007 325 2044 quo
351 1995 522 2044 primum
548 1995 584 2033 ei
610 2006 767 2044 operam
799 1995 889 2032 dedi
921 2006 1154 2044 persuasum
1180 1999 1301 2043 esset,
1333 1995 1374 2033 id
1395 1996 1539 2045 ipsum,

51 2067 96 2102 ut
139 2065 171 2102 si
216 2077 372 2114 possem
412 2077 494 2103 rem
533 2065 779 2113 conficerem,
823 2064 921 2102 mihi
964 2065 1158 2114 proposui.
1227 2065 1391 2104 Etiamsi
1434 2067 1540 2104 enim

51 2135 159 2184 parvi
196 2135 353 2173 videtur
389 2135 515 2185 primo
553 2136 690 2173 obtutu
728 2147 790 2173 res
828 2147 915 2173 esse
953 2135 1156 2184 momenti,
1195 2138 1325 2174 tamen
1364 2136 1397 2174 si
1429 2137 1539 2184 mihi,

50 2210 95 2243 ut
125 2217 209 2243 eam
240 2206 499 2254 absolverem,
532 2206 791 2255 contingeret,
825 2206 1055 2255 disciplinae
1087 2209 1242 2245 nostrae
1273 2206 1424 2256 aliquid
1448 2219 1539 2257 pro-

50 2276 224 2314 futurum
262 2289 324 2314 me
361 2288 448 2315 esse
486 2278 698 2326 sperabam.
760 2278 812 2314 At
849 2289 898 2315 ne
935 2288 1022 2315 esse
1061 2277 1222 2327 quidem
1259 2278 1356 2315 adeo
1388 2278 1537 2315 nullius

52 2347 236 2385 momenti
257 2347 529 2396 quaestionem
550 2347 675 2395 illam,
703 2348 859 2397 quando
881 2359 969 2385 cum
993 2347 1150 2386 iudiciis
1172 2348 1317 2386 nostris
1340 2348 1389 2386 de
1409 2348 1538 2387 Xeno-

51 2417 216 2467 phonte,
249 2418 426 2468 Platone,
459 2418 555 2468 quin
586 2418 704 2456 ctiam
726 2418 883 2457 Socrate
911 2418 1005 2456 satis
1031 2421 1112 2457 arte
1135 2419 1185 2456 sit
1207 2431 1371 2467 conexa,
1405 2419 1538 2468 cogni-

51 2491 158 2527 turos
190 2500 261 2526 nos
294 2500 380 2527 esse
411 2489 587 2527 arbitror.

171 2559 339 2597 Consilio
379 2559 446 2597 1110
485 2560 588 2609 quod
626 2560 791 2609 exposui
836 2559 892 2597 rei
935 2559 990 2598 ita
1032 2559 1313 2612 conficiendae,
1359 2560 1459 2597 nihil
1497 2563 1542 2598 ut

52 2629 159 2668 dubii
197 2630 231 2667 si
268 2630 351 2668 fieri
389 2634 523 2679 posset
559 2630 863 2680 relinqueretur,
902 2642 978 2680 qua
1009 2642 1095 2668 eam
1132 2633 1340 2668 tractarem
1378 2631 1538 2678 ratione,

52 2699 148 2738 mihi
179 2703 262 2738 erat
292 2700 585 2750 praescriptum.
648 2700 845 2738 Videlicet
883 2701 1055 2738 studium
1094 2700 1194 2738 illud
1232 2713 1296 2739 res
1327 2700 1541 2749 indagandi

52 2782 168 2820 quam
217 2771 387 2809 maxime
436 2783 556 2809 novas
605 2783 650 2809 ac
707 2771 926 2820 singulares
971 2770 1249 2809 dimittendum
1293 2774 1374 2809 erat
1422 2774 1540 2820 atque

53 2841 201 2880 sincero
238 2841 366 2879 animo
404 2842 444 2879 in
482 2842 555 2880 hoc
592 2854 670 2880 uno
709 2842 1003 2889 elaborandum,
1049 2853 1187 2879 verum
1224 2844 1269 2879 ut
1307 2841 1539 2891 reperirem3

53 2911 156 2961 quod
193 2912 269 2950 nisi
302 2912 507 2960 faciebam,
548 2912 718 2951 sciebam
755 2912 977 2951 necessario
1013 2924 1167 2950 omnem
1205 2912 1375 2951 laborem
1408 2924 1541 2951 meum
