1820 3340
227 231 283 268 14

232 347 311 385 sint
344 358 434 385 cum
466 346 574 384 nullo
606 346 720 384 modo
751 345 961 395 concipiat,
1006 344 1137 394 qualia
1178 345 1220 382 111
1256 345 1342 394 ipsa
1379 349 1520 399 γραφῇ
1551 348 1720 393 exstant,

228 418 321 456 talia
361 430 407 456 ea
438 417 595 466 accipit,
642 416 737 466 quid
774 428 866 453 vere
904 415 1100 453 voluerint
1137 419 1176 453 et
1214 416 1543 465 quemadmodum
1581 415 1721 454 oratio-

230 488 346 526 nibus
378 500 423 526 ea
454 486 735 536 explicaverint
767 489 1032 534 accusatores,
1064 497 1224 535 prorsus
1254 486 1418 535 ignorat.
1480 487 1610 536 Atque
1647 486 1721 524 hac

229 559 353 607 ipsius
384 558 550 596 actionis
581 557 736 595 inscitia
768 560 806 595 et
837 556 993 595 consilii
1031 556 1136 606 quod
1173 560 1418 595 accusatores
1457 557 1722 606 sequebantur

229 629 469 678 ignoratione
514 629 662 666 factum
700 630 778 675 est,
824 631 868 665 ut
911 638 959 666 ea
997 639 1097 677 quae
1136 627 1314 665 videmus
1357 627 1406 665 ad
1449 627 1518 664 illa
1561 626 1722 665 crimina

229 699 572 749 responderentur.
634 698 731 737 Eius
769 698 893 746 enim,
938 697 1040 747 quod
1078 697 1189 735 Plato
1225 697 1415 747 monet1),
1459 697 1723 736 Athenienses

230 770 325 820 quid
357 782 427 820 pro
465 782 536 808 sua
573 772 683 818 parte
721 769 810 818 quis
849 768 994 806 sentiat
1031 767 1133 806 nihil
1170 780 1324 816 curare,
1369 769 1439 806 sed
1483 780 1582 818 quae
1625 767 1722 806 alios

231 841 367 879 doceat
398 841 622 891 observare,
654 840 860 878 immemor
891 839 1041 877 crimen
1063 839 1173 888 prius
1194 839 1248 877 ita
1270 842 1428 888 tractat,
1460 839 1571 889 quasi
1603 851 1722 889 quam

231 912 345 949 homo
378 911 509 949 nescio
541 911 630 961 quis
662 910 709 949 de
731 910 816 948 deis
839 910 1073 948 sententiam
1094 910 1274 948 habuerit
1296 910 1552 948 domesticam
1573 912 1724 959 agatur,

230 994 324 1031 non,
357 982 540 1032 qualibus
573 981 753 1019 Socrates
786 977 888 1034 ἀνὴρ
913 977 1089 1034 σοφὸςῖ)
1123 980 1370 1030 opinionibus
1393 980 1607 1030 discipulos
1629 991 1721 1019 81108

231 1052 431 1102 imbuerit,
465 1052 597 1102 itaque
628 1064 715 1090 cum
748 1051 1030 1090 sacrificiorum
1053 1050 1222 1090 Socratis
1255 1051 1607 1089 commonefaciens
1637 1050 1724 1090 red-

230 1135 394 1173 arguere
427 1123 501 1161 sibi
532 1122 690 1160 videtur
717 1122 827 1160 illam
857 1122 1142 1172 suspicionem,
1174 1134 1333 1160 caecum
1364 1121 1600 1172 irritumque
1630 1122 1726 1160 facit

230 1195 363 1232 ictum.
415 1193 554 1243 Neque
577 1205 691 1231 secus
713 1193 754 1230 111
776 1193 897 1231 altero
919 1193 1083 1231 crimine
1104 1193 1158 1230 ita
1179 1195 1376 1240 versatur,
1403 1193 1515 1242 quasi
1536 1192 1723 1231 iuvenum

231 1264 454 1314 corruptela
485 1276 603 1314 quam
633 1264 825 1302 latissime
857 1264 922 1302 hic
954 1267 1085 1313 pateat
1115 1276 1160 1302 ac
1192 1275 1271 1301 non
1301 1264 1343 1301 id
1373 1263 1523 1301 inimici
1555 1263 1726 1302 Socratis

234 1336 403 1385 egerint,
436 1338 479 1373 ut
510 1335 757 1373 institutione
789 1347 881 1372 eum
912 1347 1002 1373 cum
1035 1334 1083 1372 de
1115 1334 1203 1372 aliis
1225 1335 1343 1373 rebus
1364 1337 1451 1372 tum
1472 1334 1521 1372 de
1542 1333 1725 1372 civilibus

233 1406 532 1456 perversissima
564 1406 834 1444 adolescentes
865 1405 1087 1455 corrupisse
1119 1405 1391 1454 ostenderent,
1429 1405 1469 1442 vi
1506 1405 1626 1442 talius
1663 1416 1726 1442 ca-

234 1477 407 1515 lumniae
439 1478 479 1514 in
511 1477 630 1515 talem
662 1476 861 1515 hominem
893 1476 1090 1515 adhibitae
1127 1476 1318 1526 peculiari
1354 1488 1601 1526 nequaquam
1639 1487 1726 1525 per-

234 1552 378 1598 specta.

352 1619 434 1657 Iam
465 1631 558 1656 vero
592 1618 625 1656 si
656 1618 761 1657 idem
792 1617 1044 1656 observantes
1071 1618 1385 1656 Memorabilium
1407 1617 1534 1667 capita
1554 1617 1727 1667 primum

232 1690 479 1739 alterumque
509 1692 799 1739 pertentamus,
832 1689 1004 1727 discerni
1035 1701 1058 1726 a
1090 1688 1278 1738 sophistis
1310 1688 1509 1727 Socratem
1540 1688 1727 1726 continuo

233 1761 422 1799 videmus.
475 1760 647 1798 Deorum
669 1759 775 1797 enim
796 1759 1012 1798 maiestatis
1034 1759 1168 1809 impiis
1190 1759 1498 1809 procacibusque
1524 1758 1573 1797 de
1593 1770 1728 1797 rerum

235 1835 373 1869 natura
404 1830 700 1880 quaestionibus
731 1831 860 1869 laesae
893 1830 1023 1868 scelus
1055 1830 1169 1868 illum
1207 1841 1284 1868 non
1322 1834 1366 1867 ut
1404 1833 1553 1868 ceteros
1591 1840 1729 1868 conce-

236 1902 341 1952 pisse
373 1914 454 1952 cap.
478 1902 497 1940 1
529 1902 726 1949 statuitur,
759 1905 799 1939 et
831 1914 929 1952 quae
961 1913 1044 1950 cap.
1067 1901 1107 1938 II
1139 1900 1191 1952 ἐξ
1218 1901 1403 1940 18—64
1429 1900 1634 1938 diluuntur
1654 1899 1728 1938 cri-

236 1973 342 2011 mina
363 1973 413 2010 ad
434 1973 697 2022 corruptelam
719 1972 907 2010 iuvenum
930 1972 1185 2022 pertinentia,
1209 1971 1475 2021 sophistarum
1496 1983 1577 2009 non
1597 1970 1730 2008 minus

235 2043 418 2082 instituta
448 2043 637 2081 redolent.
700 2042 861 2081 Rectius
893 2043 1015 2091 igitur
1039 2042 1238 2092 altiusque
1258 2041 1574 2080 Memorabilium
1604 2040 1730 2079 cernit

237 2127 355 2165 quam
375 2114 590 2164 Apologiae
620 2117 756 2152 auctor
786 2126 832 2152 ac
862 2114 1042 2152 notitiam
1073 2113 1155 2152 litis
1186 2113 1311 2151 multo
1342 2113 1460 2151 habet
1491 2111 1730 2151 emendatio-

236 2197 329 2224 rem.
392 2185 477 2223 Iam
520 2185 589 2235 qui
631 2185 718 2223 fieri
761 2196 877 2234 posse
916 2184 1140 2232 credamus,
1184 2187 1228 2222 ut
1258 2184 1305 2222 ab
1338 2183 1603 2222 emendatiore
1645 2182 1730 2221 litis

237 2256 375 2294 notitia
401 2255 663 2305 opinioneque
693 2255 743 2294 ad
765 2255 998 2293 deteriorem
1020 2255 1163 2305 aliquis
1185 2254 1362 2292 labatur?
1394 2254 1435 2291 id
1458 2254 1562 2304 quod
1582 2254 1729 2292 factum

237 2339 324 2365 esse
358 2326 512 2374 statuit,
551 2326 618 2376 qui
650 2325 861 2364 orationem
901 2325 942 2363 in
973 2325 1164 2375 Apologia
1196 2325 1413 2363 exhibitam
1450 2337 1500 2363 ex
1537 2324 1728 2363 Memora-

237 2397 384 2436 bilibus
416 2398 596 2435 haustam
628 2409 714 2435 esse
746 2396 904 2435 obtinet.

358 2468 481 2506 Porro
513 2479 559 2505 ea
591 2468 673 2506 litis
704 2467 878 2516 notione,
912 2480 1029 2517 quam
1067 2479 1138 2516 per
1175 2470 1297 2505 totam
1334 2467 1549 2504 orationem
1585 2465 1730 2516 Apolo-

239 2538 325 2587 giae
356 2538 530 2576 obtinere
560 2538 803 2586 invenimus,
847 2538 881 2576 si
913 2542 1017 2576 recte
1051 2537 1335 2587 judicavimus,
1380 2549 1514 2575 omnes
1547 2536 1731 2575 orationis

359 2664 393 2708 1)
420 2663 617 2709 Euthyphr.
645 2674 718 2708 cap.
734 2664 791 2698 ΠΙ
816 2664 879 2698 in.:
901 2664 1114 2707 Ἀθηναίοις
1139 2665 1208 2708 γάρ
1235 2676 1308 2705 τοι,
1345 2665 1391 2701 ὡς
1421 2663 1507 2709 ἐμοὶ
1539 2662 1653 2703 δοκεῖ,
1687 2662 1729 2695 οὐ

240 2722 385 2769 σφόδρα
409 2725 528 2769 μέλει,
567 2724 612 2756 ἄν
643 2736 724 2756 τινα
758 2723 877 2757 δεινὸν
911 2725 1059 2756 οἴωνται
1091 2722 1199 2766 εἶναι,
1237 2723 1291 2768 μὴ
1316 2724 1444 2768 μέντοι
1471 2721 1730 2755 διδασκαλικὸν

240 2787 301 2824 τῆς
327 2782 461 2815 ἑαυτοῦ
487 2785 636 2827 σοφίας”
665 2782 707 2815 ὃν
733 2781 764 2815 δ’
792 2783 836 2815 ἂν
862 2784 922 2815 καὶ
949 2783 1078 2820 ἄλλους
1106 2784 1255 2815 οἴωνται
1287 2784 1410 2815 ποιεῖν
1441 2781 1632 2819 τοιούτους
1663 2783 1731 2813 θυ-

240 2853 410 2885 μουνται.

359 2898 395 2942 2)
422 2899 510 2934 Plat.
538 2898 640 2943 Apol.
670 2911 702 2943 p.
718 2900 761 2934 37
778 2910 805 2934 c.
