1820 3340
271 255 353 292 114

265 372 444 421 alioquin
475 372 519 408 in
542 370 732 420 Apoloqia
764 370 799 407 (η’
831 370 1030 407 tributum.
1084 369 1134 406 At
1160 368 1269 406 fraus
1300 368 1405 406 inest
1435 368 1476 405 in
1510 367 1598 405 istis
1626 367 1756 406 verbis

268 443 359 480 ‘hae
390 443 477 492 ipsa
508 455 547 479 re
579 444 743 479 mortem
775 453 798 477 a
829 453 868 477 se
898 452 1088 477 removere
1118 439 1302 477 studuit’:
1336 439 1500 477 debebat
1530 438 1659 477 dicere
1692 439 1756 476 ‘ob

265 513 306 550 id
338 513 467 562 ipsum
491 511 640 549 Socrati
672 523 716 549 ea
738 510 972 560 proferenda
1004 513 1131 558 erant,
1164 509 1306 559 quibus
1330 509 1508 560 quamvis
1530 509 1650 547 inxito
1671 508 1757 558 ipso

265 583 460 621 accusatio
497 581 838 631 redarguebatur’.
906 580 990 618 Nec
1028 591 1119 617 vero
1161 579 1199 617 id
1239 580 1386 630 ipsum,
1431 580 1582 618 etiamsi
1621 579 1758 617 mortis

268 654 411 691 fuisset
432 652 730 702 cupidissimus,
763 651 976 689 curandum
1009 650 1090 688 ullo
1112 650 1226 688 modo
1253 650 1289 688 ei
1311 654 1411 698 erat,
1444 649 1757 700 quandoquidem

267 723 571 762 Atheniensium
599 722 756 771 judices
782 721 1096 772 quibuscumque
1129 720 1178 758 de
1211 721 1339 759 causis
1371 720 1543 758 irritatos
1574 731 1652 758 non
1677 723 1757 757 tam

267 794 440 832 iustitiae
473 793 609 840 iussis,
649 805 766 842 quam
804 792 884 830 irae
923 803 1015 829 suae
1048 792 1316 841 obtemperare
1353 791 1510 829 sciebat.
1574 790 1758 828 Ceterum

267 864 368 902 illud
407 864 566 902 ‘mortis
594 864 687 913 jam
718 863 794 901 sibi
823 863 1027 912 parandae
1064 861 1262 899 studium’
1299 861 1446 900 Socrati
1485 873 1561 899 non
1599 865 1678 899 tam
1711 861 1758 898 ab

269 938 426 973 auctore
458 934 673 984 Apologiae
710 933 871 972 attribui
903 945 1018 983 quam
1058 946 1079 970 a
1112 945 1154 970 se
1185 932 1273 982 ipso
1305 932 1464 970 criticus
1499 932 1759 980 cognovisset,

269 1006 301 1044 si
334 1006 556 1044 accuratius
588 1006 874 1054 paragraphum
911 1006 933 1042 9
966 1003 1218 1053 inspexisset.
1282 1003 1341 1041 Cf.
1374 1003 1492 1041 etiam
1525 1014 1642 1052 supra
1674 1001 1758 1053 §3

391 1078 455 1115 19.
488 1076 598 1114 Nova
620 1075 846 1125 suppeditat
867 1075 1055 1113 acerrimo
1087 1074 1311 1123 castigatori
1333 1073 1496 1112 crimina
1528 1072 1551 1124 ξ
1576 1074 1648 1111 23:
1681 1072 1761 1110 illie

271 1159 369 1196 quae
400 1147 632 1196 referantur,
673 1147 728 1183 eis
765 1145 816 1183 ad
846 1145 1191 1183 demonstrandum
1228 1144 1422 1183 Socratem
1454 1147 1615 1181 mortem
1647 1155 1760 1193 appe-

272 1218 403 1255 tivisse
425 1221 621 1255 auctorem
642 1217 702 1254 uti
723 1217 831 1254 nullo
853 1217 1016 1254 omnino
1038 1216 1142 1253 iure:
1175 1228 1272 1253 nam
1294 1215 1399 1253 litem
1421 1215 1535 1252 illum
1556 1214 1762 1252 aestimare

265 1291 467 1337 propterea
496 1287 752 1332 reezzsavisse,
785 1287 880 1336 quia
914 1287 1008 1324 iusti
1038 1286 1080 1324 id
1111 1287 1234 1335 faeere
1260 1299 1342 1324 non
1373 1289 1467 1323 esset
1474 1299 1490 1333 ;
1522 1297 1640 1334 neque
1672 1285 1762 1322 inde

271 1359 487 1408 quidquam
503 1358 680 1396 concludi
701 1358 811 1395 aliud
828 1370 940 1406 posse
962 1357 1044 1395 nisi
1060 1357 1255 1395 Socratem
1275 1360 1439 1395 mortem
1462 1368 1544 1394 non
1566 1356 1759 1401 timuisse,

270 1429 336 1467 sed
365 1429 664 1478 eontempsisse;
696 1428 836 1466 (amieis
857 1432 1004 1475 autem„
1037 1440 1127 1465 eum
1158 1427 1257 1465 elam
1283 1440 1301 1465 e
1324 1439 1467 1464 earcere
1488 1426 1641 1464 educere
1672 1438 1762 1464 eum

270 1500 422 1547 vellent,
455 1500 640 1537 restitisse
662 1511 751 1536 eum
773 1511 853 1536 non
871 1502 1075 1548 propterea
1096 1498 1198 1547 quod
1218 1501 1382 1535 mortem
1404 1498 1483 1535 iam
1508 1497 1583 1535 sibi
1604 1500 1760 1546 optaret,

269 1570 337 1608 sed
368 1570 471 1619 quod
502 1570 598 1618 leqes
622 1570 791 1618 om‘yrare
823 1569 991 1607 civitatis
1016 1569 1146 1615 nollet«,
1181 1581 1225 1606 ex
1245 1569 1360 1606 Mem.
1376 1569 1402 1606 I
1407 1568 1442 1605 V
1457 1569 1495 1615 4,
1515 1578 1538 1610 4
1569 1580 1761 1617 apparere.

272 1642 323 1678 At
356 1641 467 1690 Apol.
493 1641 545 1678 22
580 1641 706 1689 legas:
746 1640 927 1689 injuriam
966 1639 1112 1678 auctori
1152 1639 1285 1677 inferri
1319 1639 1429 1676 nullo
1461 1640 1617 1687 negotio
1647 1639 1762 1676 intol-

270 1712 392 1760 leges.
446 1712 559 1749 Falso
592 1711 693 1748 enim
726 1711 766 1748 in
799 1711 1036 1748 editionibus
1067 1710 1212 1747 nostris
1234 1709 1502 1759 paragraphus
1534 1709 1602 1747 illa
1633 1708 1762 1746 verbis

271 1778 374 1832 περὶ
397 1779 563 1828 παντὸς
585 1776 779 1819 ἐποιεῖτο
812 1782 963 1826 finitur,
996 1793 1084 1818 cum
1115 1781 1194 1818 sint
1215 1792 1305 1817 cum
1337 1792 1383 1818 ea
1405 1780 1626 1829 copulanda
1646 1780 1762 1818 etiam

273 1853 690 1908 quae-subseqmintur
710 1852 828 1890 verba
858 1864 932 1889 nec
962 1851 1039 1888 nisi
1061 1854 1252 1889 commate
1287 1850 1540 1899 sejungenda.
1584 1850 1644 1888 Ad
1667 1850 1764 1888 haec

271 1924 391 1972 igitur
428 1923 557 1961 omnia
590 1920 670 1973 (ὅτι
704 1918 936 1976 Σωκράτης
973 1919 1021 1960 τὸ
1052 1917 1131 1972 μὲν
1255 1918 1468 1972 τελευτᾶν)
1498 1921 1759 1959 revocandum

273 1997 355 2031 erat
385 1994 484 2031 illud
517 1990 584 2031 ὅτι
618 1988 665 2031 δὲ
697 1990 830 2040 οὕτως
862 1987 1106 2045 ἐγίγνωσκε)
1139 2004 1214 2030 nec
1237 1992 1363 2030 solum
1386 1992 1433 2029 ad
1455 1991 1615 2029 tertium
1638 1987 1764 2038 (ἀλλὰ

273 2060 346 2102 καὶ
377 2061 528 2115 καιρὸν
560 2059 640 2118 ἤδη
673 2059 862 2113 ἐνόμιζεν
894 2057 1030 2117 {aergo
1063 2060 1293 2114 τελευτᾶν);
1326 2062 1366 2099 id
1398 2063 1530 2112 ipsum
1558 2065 1689 2099 autem
1721 2062 1764 2099 in

271 2135 511 2173 vitiosiorem
543 2135 660 2184 paulo
693 2135 847 2173 deflecti
878 2134 1187 2183 intellegentiam
1219 2136 1396 2182 apparet,
1429 2132 1642 2182 siquidem,
1674 2144 1764 2170 cum.

274 2206 411 2244 mortis
454 2205 704 2254 cupiditatem
744 2228 798 2232 —
840 2205 1005 2242 ‘iniuste
1048 2204 1353 2241 adiudicandam
1392 2203 1468 2241 sibi
1504 2216 1588 2241 eam
1618 2215 1764 2252 parare

272 2276 414 2314 studet¹
445 2277 499 2313 ait
530 2289 567 2325 p.
594 2277 675 2314 122
701 2298 755 2302 -·
779 2275 869 2313 inde
891 2276 1044 2313 efficere
1065 2275 1163 2313 velit
1184 2274 1362 2322 criticus,
1393 2274 1434 2311 id
1459 2278 1610 2312 tantum
1632 2278 1765 2312 auctor

272 2347 393 2385 dicat:
436 2346 635 2384 Socratem
674 2346 905 2394 cognovisse
944 2358 985 2383 se
1019 2357 1088 2383 suo
1126 2349 1319 2393 tempore,
1359 2345 1391 2382 si
1430 2344 1764 2391 condemnaretur,

272 2418 350 2454 iam
383 2420 547 2454 mortem
579 2428 666 2454 esse
687 2417 893 2454 obiturum.
946 2416 1083 2453 Restat
1114 2415 1236 2464 igitur
1267 2415 1368 2452 nihil
1394 2415 1642 2453 differentiae
1663 2415 1765 2453 inter

272 2487 504 2536 Apologiam
544 2492 581 2525 et
616 2487 881 2525 Memorabilia
922 2487 999 2524 nisi
1039 2487 1097 2534 id⁷
1140 2486 1243 2536 quod
1284 2486 1348 2524 hic
1389 2486 1560 2524 iustitiae
1601 2489 1764 2533 tantum,

271 2550 357 2595 illio
384 2557 715 2595 incommodorum
744 2569 899 2607 quoque
922 2557 1136 2595 senectutis
1160 2556 1337 2595 Socrates
1369 2556 1558 2594 rationem
1580 2555 1764 2594 habuisse

273 2628 425 2666 dicitur.

394 2700 460 2737 20.
497 2698 572 2736 Sed
608 2699 723 2736 etiam
760 2699 972 2748 separatim
1010 2701 1193 2747 spectata,
1239 2710 1336 2747 quae
1372 2698 1402 2746 ,ξ
1431 2698 1489 2735 23
1525 2697 1762 2745 referuntur,

273 2782 297 2806 a
335 2769 590 2818 Xenophonte
627 2769 846 2807 abhorrere:
877 2769 1061 2818 primum
1099 2769 1193 2817 quia
1230 2768 1273 2806 de
1312 2768 1394 2805 aas
1431 2767 1699 2805 aestimatione
1730 2770 1764 2804 et

273 2852 363 2877 (um
395 2839 558 2877 Platone
595 2843 627 2877 et
664 2852 753 2877 eum
785 2839 897 2888 Πίσῃ.
927 2839 1083 2876 Laertio
1122 2842 1255 2876 auctor
1284 2841 1444 2887 pugnet.
1506 2836 1613 2884 Quae
1650 2848 1763 2886 argu-

274 2909 461 2947 mentatio
492 2922 629 2959 parum
661 2910 723 2947 vel
755 2910 841 2947 ideo
863 2910 966 2947 valet
999 2909 1088 2959 quia
1121 2909 1169 2947 de
1193 2908 1381 2958 Apologia
1403 2907 1605 2946 Platonica
1634 2907 1762 2945 adhuc
