1820 3340
1480 251 1533 290 53

53 366 157 405 sulto
189 366 398 415 deditaque
429 378 546 415 opera
576 367 753 404 invenies
785 370 960 416 tempora
991 366 1165 404 denotari
1192 370 1258 404 aut
1280 368 1393 416 quasi
1415 368 1535 417 digito

51 436 274 484 monstrari,
321 448 438 485 quam
481 448 575 474 casu
612 449 657 474 ac
694 436 854 475 fortuito
892 436 1021 486 prodi3
1066 449 1206 475 nomen
1239 436 1424 475 Socratici
1456 450 1534 475 non

49 506 243 555 arroganti
282 506 395 543 modo
433 510 566 544 auctor
603 506 832 544 nominatim
871 506 1059 554 vindicat,
1099 507 1167 545 sed
1205 507 1321 545 tacite
1360 507 1535 545 modesta

50 577 215 625 quadam
248 580 431 625 castaque
463 580 506 613 ut
537 577 591 614 ita
611 577 737 614 dicam
759 577 923 626 ratione;
957 577 1102 615 nedum
1125 581 1307 626 suspecta
1324 577 1534 626 jactatione

49 646 282 695 opusculum
319 658 432 684 suum
466 659 534 696 pro
565 647 846 696 Xenophonteo
884 647 1073 695 venditet,
1110 647 1150 685 id
1189 647 1293 697 quod
1330 648 1534 685 falsarium

49 729 126 754 non
168 716 282 754 facile
325 729 375 754 ne
412 717 669 755 committeret
706 718 977 755 abstenturum
1014 717 1138 755 fuisse
1177 718 1357 767 exempla
1394 718 1534 756 docent

48 786 266 825 litterarum
297 799 388 825 vere
420 787 750 836 subditivarumfl)
812 786 1021 836 Scriptoris
1054 787 1176 836 igitur
1213 787 1453 835 testimonio,
1491 788 1533 825 in

49 869 118 895 sua
150 857 242 895 licet
273 869 389 894 causa
420 858 469 895 ab
500 869 542 895 eo
575 857 746 906 dicatur,
783 857 883 894 nihil
920 869 1059 896 causae
1096 858 1286 896 habemus
1324 870 1393 895 cur
1431 858 1532 895 diffi-

47 928 202 976 damus3
235 928 366 977 itaque
387 927 620 977 Apologiam
650 928 754 965 intra
774 939 897 965 annos
919 928 1000 965 fere
1023 929 1255 966 390—370
1279 928 1533 978 compositam

48 998 253 1045 ducemus,
286 998 379 1035 dum
411 998 486 1036 alia
518 1009 559 1035 se
591 998 771 1046 offerant,
805 1010 903 1047 quae
934 998 983 1035 de
1015 998 1088 1036 hac
1120 999 1312 1036 sententia
1344 999 1531 1037 decedere

46 1080 119 1106 nos
150 1072 301 1117 cogant.

168 1164 203 1200 2.
249 1162 325 1200 Sed
357 1166 509 1200 tantum
545 1163 670 1209 abest,
714 1168 758 1200 ut
801 1163 874 1200 hoc
905 1175 980 1200 usu
1019 1163 1165 1209 veniat,
1210 1167 1253 1201 ut
1290 1163 1532 1212 reliquorum

46 1232 375 1279 testimoniorum,
409 1244 507 1282 quae
538 1233 578 1269 in
610 1233 683 1270 hac
715 1232 935 1281 cognitione
972 1233 1085 1271 nobis
1124 1238 1354 1282 suppetunt,
1394 1234 1531 1271 confir-

47 1303 164 1341 matio
202 1303 238 1341 ei
269 1303 436 1341 accedat.
499 1303 578 1340 Res
616 1303 721 1340 enim
763 1303 813 1340 ad
855 1303 961 1340 idem
1005 1309 1177 1352 tempus,
1221 1315 1297 1352 quo
1341 1303 1532 1352 Apologia

46 1373 264 1422 conscripta
302 1373 370 1423 sit,
408 1373 651 1422 pertinentes
688 1374 784 1410 duas
823 1373 1038 1422 reperimus
1076 1378 1406 1411 commemoratas.
1467 1373 1531 1410 Ex

47 1442 139 1493 §31
165 1445 340 1491 Anytum
372 1443 439 1481 illo
471 1448 646 1492 tempore
674 1443 797 1481 fuisse
818 1447 1015 1481 mortuum
1036 1444 1252 1493 colligitur3
1287 1444 1353 1493 qui
1376 1444 1531 1493 quando

46 1526 67 1552 e
98 1514 178 1552 vita
210 1514 421 1552 decesserit
453 1526 540 1551 cum
573 1514 781 1552 memoriae
813 1526 890 1552 non
919 1515 971 1551 sit
991 1514 1205 1563 proditum,
1237 1514 1530 1552 ratiocinatione

46 1584 139 1634 quid
171 1585 328 1634 assequi
358 1584 490 1632 liceat,
529 1584 739 1633 periclitari
779 1588 941 1633 oportet.
1003 1586 1061 1622 Ac
1097 1585 1333 1622 Plutarchus
1371 1585 1531 1634 quidem

45 1655 282 1693 Herodotum
313 1658 471 1703 rogante
502 1657 634 1703 Anyto
672 1667 694 1692 a
725 1655 867 1704 populo
899 1655 1197 1693 Atheniensium
1236 1655 1367 1693 decem
1406 1656 1530 1693 talen-

45 1730 173 1763 torum
216 1725 317 1763 dono
354 1725 583 1763 honoratum
628 1737 715 1763 esse
758 1726 877 1763 refert
919 1725 1192 1775 Eusebiusque
1235 1738 1270 1763 a.
1294 1722 1428 1777 447]ss
1475 1726 1529 1775 (in

45 1796 295 1834 translatione
326 1794 570 1846 Armeniaca)
614 1795 697 1833 sive
740 1808 772 1833 a.
801 1792 937 1849 445s4
981 1796 1099 1847 (apud
1143 1795 1441 1845 Hieronymum)
1488 1796 1529 1833 id

45 1868 191 1904 factum
223 1865 318 1904 vult.
373 1866 484 1903 Unde
513 1865 545 1903 si
568 1865 874 1914 proficiscamur,
907 1868 1081 1914 Anytum
1106 1866 1276 1905 Socratis
1298 1870 1366 1904 aut
1387 1879 1528 1916 aequa-

44 1937 121 1975 lem
153 1941 220 1974 aut
251 1936 450 1974 nonnullis
482 1948 525 1974 eo
556 1937 668 1973 annis
701 1936 886 1984 majorem
909 1936 1033 1974 fuisse
1065 1940 1104 1974 et
1125 1936 1200 1985 illi,
1233 1936 1302 1986 qui
1333 1936 1418 1986 ipse
1439 1949 1527 1975 cum

44 2019 200 2045 causam
232 2006 379 2044 diceret
411 2002 605 2045 θανάτου
638 2000 755 2058 ἐγγὺς
776 2010 897 2053 esset,
930 2007 1033 2044 haud
1054 2007 1108 2044 ita
1129 2007 1253 2044 multo
1275 2007 1528 2056 superstitem

44 2078 147 2115 diem
180 2089 409 2126 supremum
435 2077 578 2115 obiisse
599 2080 871 2127 consequatur,
935 2077 1012 2115 Sed
1044 2089 1134 2115 cum
1165 2090 1237 2115 nec
1268 2077 1317 2115 de
1338 2078 1404 2115 illo
1426 2090 1527 2116 anno

44 2160 116 2187 nec
147 2149 195 2186 de
226 2148 349 2196 Anyti
380 2159 547 2197 persona
578 2148 672 2185 satis
705 2151 858 2185 constet
870 2147 917 2197 2),
948 2148 1023 2185 hac
1054 2160 1095 2185 re
1119 2147 1236 2186 missa
1267 2148 1315 2185 ad
1347 2152 1454 2186 certa
1485 2159 1528 2186 se

163 2298 196 2341 1)
224 2297 392 2333 Conferas
418 2308 462 2332 ex
487 2298 583 2332 Petri
610 2308 699 2342 quae
725 2298 838 2331 fertur
863 2309 916 2341 ep.
931 2297 984 2341 ΙΙ,
1017 2308 1120 2341 quam
1150 2298 1344 2332 Wilamoxv.
1378 2299 1424 2341 (p.
1447 2296 1526 2339 105)

44 2368 125 2391 cum
158 2355 328 2400 Apologia
359 2358 554 2400 comparat,
592 2356 679 2390 haec
712 2357 837 2400 (cap.3
864 2367 896 2390 v.
915 2356 964 2399 1):
1006 2356 1178 2398 „chnrryv
1213 2355 1295 2398 ἤδη,
1329 2356 1524 2399 ἀγαπητοί,

45 2415 214 2460 δευτέραν
242 2415 329 2460 ὑμῖν
354 2416 482 2459 γράφω
509 2415 705 2457 ἐπιστολήν
716 2417 750 2457 “;
783 2414 958 2448 simillime
985 2415 1044 2459 qui
1071 2414 1252 2458 epistolam
1280 2416 1372 2448 inter
1397 2414 1525 2459 Epicu-

44 2485 120 2508 reas
146 2474 337 2508 secundam
356 2474 523 2517 confecit,
549 2473 582 2506 in
608 2474 675 2507 fine
694 2474 860 2517 prooemii
878 2473 1085 2517 Pythoclem
1104 2473 1159 2507 his
1178 2473 1292 2507 verbis
1312 2475 1524 2507 commonet:

46 2534 194 2573 „Kakffig
220 2532 262 2573 δὴ
291 2532 380 2565 αὐτὰ
407 2531 569 2574 διάλαβε,
608 2534 667 2564 καὶ
701 2531 760 2565 διὰ
785 2532 933 2577 μνήμης
964 2532 1054 2576 ἔχων
1086 2532 1190 2570 ὀξέως
1218 2532 1308 2564 αὐτὰ
1335 2531 1525 2577 περιόδευε

41 2592 135 2636 μετὰ
161 2598 232 2624 τῶν
257 2592 398 2624 λοιπῶν
424 2585 473 2623 ὧν
499 2591 537 2624 ἐν
562 2592 607 2636 τῇ
630 2593 744 2636 μικρᾷ
776 2591 937 2636 ἐπιτομῇ
966 2591 1056 2634 πρὸς
1079 2590 1279 2636 “Ηρόὸ“οτον
1311 2590 1524 2624 ῗιπεστείλα-

41 2653 132 2695 μεν“
167 2649 329 2694 (Usener.
357 2649 495 2693 Epicur.
523 2661 554 2693 p.
571 2649 641 2690 35).
698 2652 750 2683 Ac
786 2659 901 2682 nonne
933 2649 1139 2692 scriptorem
1172 2651 1212 2683 ut
1242 2649 1525 2683 Memorabilium

42 2709 257 2743 mentionem
282 2708 431 2751 faceret,
458 2719 539 2742 cum
565 2707 622 2742 alii
648 2707 715 2742 loci
741 2707 937 2741 invitabant
961 2711 1035 2741 tum
1063 2707 1169 2751 §22?

160 2790 196 2835 2)
222 2790 419 2825 Wilamow.
446 2802 478 2834 p.
496 2790 574 2833 100,
590 2802 621 2827 1:
651 2791 746 2834 „445
771 2790 870 2824 kann
897 2790 1038 2834 Anytos
1064 2789 1214 2833 freilielz
1240 2790 1332 2824 noch
1352 2789 1436 2824 lcein
1455 2790 1522 2824 Ge-

42 2849 173 2884 sehenlc
196 2849 262 2893 sicr
286 2849 444 2883 Herodot
469 2849 657 2893 beantrayt
689 2849 825 2883 haben:
861 2848 945 2882 aber
975 2848 1072 2882 diese
1103 2848 1291 2892 Datirmzy
1322 2849 1423 2882 kann
1453 2859 1523 2882 aus

42 2909 122 2942 dem
147 2907 327 2952 Zeuynz‘ss
360 2908 420 2942 des
452 2907 596 2952 Diyllos
629 2908 739 2951 (Plut.
767 2908 853 2942 mal.
883 2907 1012 2941 Herod.
1033 2907 1097 2951 26)
1130 2907 1208 2941 und
1238 2907 1301 2941 der
1333 2907 1430 2953 ἀκμὴ
1461 2907 1522 2941 des
