1820 3340
1491 279 1542 316 13

119 389 406 450 μεγαληγορία
444 395 482 447 (ξ
507 395 561 446 1),
602 396 707 447 quod
743 396 846 445 apud
884 395 975 434 Eur.
1015 395 1140 433 solum
1178 394 1256 443 legi
1296 395 1468 443 videtur,
1506 396 1546 433 in

178 467 477 516 Xenophontem
503 479 548 505 eo
569 467 696 515 magis
719 466 898 517 quadrat,
927 465 1031 515 quod
1052 460 1349 519 μεγαληγορέω
1372 465 1408 503 01
1429 477 1546 515 pecu-

178 538 272 576 liare
304 541 381 576 est:
414 537 536 575 Anah.
556 537 614 574 VI
637 539 744 585 3,18‚
777 538 894 585 Ages.
920 538 1002 585 8,2.
1037 536 1126 584 Cyr.
1149 535 1207 573 IV
1229 537 1267 584 4,
1281 543 1313 577 2,
1346 535 1426 573 VII
1451 537 1544 584 1,17

179 609 241 660 (cf.
278 608 377 646 Poll.
403 607 445 645 ΙΙ
470 608 570 646 126;
608 603 896 661 μεγαληγόρος
933 602 979 645 δὲ
1022 603 1147 659 παρὰ
1183 602 1427 657 Ξενοφῶντι
1472 601 1547 644 καὶ

178 675 481 731 μεγαληγορεῖν
513 673 586 716 καὶ
617 671 924 732 μεγαληγοριά,·
955 681 994 715 et
1026 676 1197 715 Schmid.
1229 677 1301 715 1.1.
1327 676 1437 727 656).

121 756 352 813 ἀλγύνομαι
374 761 536 798 verbum
558 760 757 810 poeticum
780 762 815 809 (ξ
834 760 874 809 8)
896 760 1051 798 tametsi
1073 773 1095 798 a
1116 759 1216 798 Xen.
1239 759 1413 809 alioquin
1434 771 1546 797 usur-

180 835 315 881 patum
345 843 423 869 non
455 833 532 878 est,
565 843 609 868 eo
637 830 768 868 minus
795 831 841 868 ab
864 842 908 868 eo
930 830 1127 874 abhorret,
1160 830 1261 879 quod
1283 830 1399 867 etiam
1421 825 1548 881 ἄλγος

178 914 255 940 vox
283 906 321 940 et
341 901 427 951 ipsa
447 901 598 951 poetica
619 901 723 950 apud
745 913 834 938 eum
857 904 985 938 exstat
1007 900 1158 950 (Symp.
1184 902 1220 949 8,
1236 909 1291 943 37.
1326 899 1422 948 Cyn.
1447 902 1483 948 3,
1499 899 1546 950 3).

121 981 368 1039 προσάντης
404 984 572 1033 (1011111110
610 984 649 1033 (ξ
674 983 742 1033 33)
782 983 935 1021 etiamsi
973 984 1021 1020 de
1058 983 1215 1021 homine
1253 983 1400 1020 dictum
1438 983 1547 1020 nullo

180 1055 254 1093 alio
274 1055 359 1093 1000
380 1055 663 1104 Xenophonteo
686 1053 927 1101 defenditur,
957 1066 1046 1091 cum
1068 1055 1171 1103 apud
1193 1054 1284 1091 Eur.
1308 1053 1423 1104 (Med.
1447 1054 1546 1102 305)

179 1126 315 1164 eadem
346 1126 463 1178 plane
493 1125 642 1163 ratione
675 1124 845 1174 positum
878 1124 1117 1171 inveniatur,
1150 1136 1219 1162 cur
1249 1137 1272 1162 a
1302 1123 1403 1162 Xen.
1438 1124 1546 1161 abiu-

178 1196 376 1234 dicemus?

179 1290 221 1340 4)
256 1290 449 1328 claudant
478 1301 618 1338 agmen
641 1289 828 1326 vocabula
860 1289 1049 1338 quaedam
1082 1300 1181 1338 quae
1206 1292 1273 1326 aut
1300 1288 1455 1326 0111111110
1481 1291 1548 1326 aut

63 1373 109 1400 ea
147 1364 250 1399 certe
289 1360 573 1409 significatione
613 1371 806 1409 nusquam
843 1359 935 1397 alibi
967 1359 1170 1408 leguntur:

124 1439 488 1495 ἅξιομακάριστος
526 1441 564 1493 (ξ
596 1443 665 1491 34)
709 1437 830 1488 ἅπαξ
868 1435 1088 1496 εἰρημένον
1125 1445 1185 1480 est
1230 1441 1320 1491 (nisi
1359 1441 1462 1491 quod
1499 1441 1546 1479 ab

178 1514 331 1563 Ignatio
374 1515 416 1551 in
459 1514 572 1563 epist.
610 1513 660 1551 ad
704 1512 802 1562 Eph.
841 1525 1010 1562 prooem.
1056 1516 1094 1550 et
1131 1525 1213 1561 cap.
1240 1513 1311 1560 12,
1349 1512 1398 1550 ad
1435 1511 1546 1549 Rom.

179 1597 348 1635 prooem.
382 1588 421 1622 et
452 1597 534 1634 cap.
554 1585 604 1622 10
638 1585 883 1634 usurpatum:
924 1586 1055 1621 tamen
1086 1583 1149 1621 0111
1180 1583 1335 1620 facilius
1373 1583 1547 1631 assigna-

178 1656 281 1695 veris
313 1668 430 1706 quam
455 1655 571 1703 Xen,
605 1655 749 1704 quippe
776 1654 843 1704 qui
865 1654 1062 1692 vocabulis
1084 1653 1275 1692 eiusmodi
1303 1666 1391 1691 011111
1421 1648 1546 1700 ἄξιο-

179 1726 406 1777 compositis
450 1725 612 1763 mirifice
656 1726 783 1763 faveat
828 1729 868 1764 et
904 1725 1089 1775 pleraque
1132 1727 1322 1774 quantum
1365 1724 1546 1762 videmus

181 1797 266 1847 ipse
305 1797 516 1835 fabricatus
555 1795 606 1834 sit
645 1796 767 1846 (velut
809 1791 1066 1847 ἅξιάγαστος
1104 1790 1387 1847 ἅξιακρόατος
1425 1790 1543 1841 ἀξιο-

180 1861 337 1917 βίωτος
363 1862 649 1913 ἀξιόσκεπτος
671 1861 1005 1918 ἅξιοτέκμαρτος
1027 1859 1320 1919 ἄξιοφίλητος,
1350 1865 1400 1903 ad
1421 1877 1545 1902 unum

182 1938 309 1976 omnia
340 1938 417 1975 nisi
448 1937 562 1976 fallor
593 1932 716 1984 ἅπαξ
745 1933 973 1989 λεγόμενα).

120 2015 232 2053 Idem
269 2015 373 2052 valet
411 2015 458 2051 de
496 2013 683 2051 vocabulo
722 2008 1028 2066 ἀποφευκτικά
1072 2012 1110 2063 (ξ
1141 2012 1198 2062 8);
1244 2013 1312 2049 vix
1356 2012 1461 2050 enim
1504 2011 1546 2049 in

179 2097 414 2135 quemquam
451 2084 571 2122 alium
610 2084 839 2133 scriptorem
885 2083 1008 2121 satius
1052 2083 1301 2133 quadraverit
1344 2095 1461 2132 quam
1505 2083 1545 2120 in

178 2156 309 2204 illum,
341 2159 476 2205 utpote
508 2155 576 2205 qui
601 2154 789 2192 vocabula
821 2154 939 2191 huius
971 2154 1101 2191 exitus
1126 2153 1321 2203 permulta
1346 2156 1413 2191 aut
1440 2153 1547 2191 solus

181 2230 237 2278 (ut
260 2222 577 2281 ἕξαπατητικόν
598 2229 681 2263 τῶν
702 2219 941 2275 πολεμίων,
976 2225 999 2263 i.
1023 2236 1054 2262 e.
1080 2225 1129 2262 ad
1150 2225 1283 2263 hostes
1305 2225 1346 2261 in
1368 2223 1545 2261 fraudem

178 2297 420 2335 inducendos
451 2300 603 2346 aptum,
635 2300 674 2335 et
702 2291 949 2348 ἅγρευτικόν
970 2295 1088 2345 Hipp.
1112 2296 1227 2345 4,12;
1260 2290 1547 2349 μηχανητικός

179 2368 270 2406 ibid.
304 2369 341 2416 5,
363 2377 399 2417 23
439 2363 699 2417 ἄναβατικός
729 2367 842 2405 Mem.
872 2367 938 2403 ΠΙ
964 2368 1000 2415 3,
1021 2367 1056 2417 5)
1095 2370 1162 2403 aut
1199 2366 1349 2415 primus
1381 2364 1455 2416 (ex.
1489 2378 1544 2414 gr.

179 2434 437 2485 ἐπιθετικός
458 2439 571 2476 Mem.
594 2438 653 2475 IV
672 2439 705 2487 1,
722 2447 742 2480 3
776 2438 878 2487 quod
909 2437 1015 2487 apud
1042 2437 1219 2486 Aristot,
1253 2431 1547 2489 ἕξεργαστικός

178 2509 269 2548 ibid.
297 2510 357 2547 IV
382 2511 417 2555 1,
438 2519 460 2551 4
497 2509 603 2559 quod
640 2508 745 2558 apud
782 2508 936 2556 Polyb„
979 2503 1208 2559 χιοριτικός
1247 2507 1336 2556 Cyr.
1358 2507 1417 2544 IV
1441 2508 1477 2556 5,
1500 2515 1545 2549 54

179 2580 281 2631 quod
312 2580 416 2630 apud
447 2580 703 2617 Plutarchum
734 2591 871 2616 rursus
903 2578 1080 2629 emergit)
1113 2578 1342 2615 adhibuerit.

121 2651 397 2705 οἰωνίζεσθαι
430 2669 541 2706 porro
572 2667 664 2694 cum
696 2655 800 2705 apud
831 2655 931 2692 Xen.
959 2654 1114 2703 saepius
1147 2655 1209 2705 (cf.
1234 2654 1427 2703 imprimis
1454 2653 1544 2701 Cyr.

179 2728 198 2766 Ι
223 2730 297 2776 6,1
333 2723 568 2780 ἀστραπῶν
605 2722 680 2764 καὶ
717 2726 903 2778 βροντῶν
935 2728 1150 2778 φανεισῶν
1189 2720 1310 2763 οὐδὲν
1344 2718 1407 2762 ἔτι
1441 2719 1545 2761 ἄλλο

181 2792 471 2849 οἰωνιζόμενοι
504 2793 790 2849 ἐπορεύοντο),
822 2796 927 2845 apud
958 2795 1053 2833 alios
1086 2795 1209 2843 (Dem.
1242 2794 1416 2844 Aristot.)
1449 2794 1545 2832 satis

179 2882 265 2907 raro
295 2881 336 2907 se
359 2870 510 2917 offerat,
543 2872 660 2918 atque
683 2880 772 2906 cum
794 2867 1012 2917 Xenophon
1035 2878 1149 2904 voces
1171 2866 1211 2904 in
1234 2865 1544 2904 terminationem

181 2936 356 2993 -τήριον
399 2943 589 2977 exeuntes
634 2940 742 2977 velut
786 2934 1108 2991 ἀναπαυτήριον
1151 2933 1429 2990 φυτευτήριον
1472 2940 1544 2975 etc.
