1820 3340
1450 228 1530 264 117

48 342 183 376 rentur
191 351 207 386 ‚·
238 338 441 387 imprimis
471 351 556 376 vero
583 339 814 376 vaticinium
845 339 953 377 istud
984 339 1177 377 ‘hominis
1208 340 1397 379 vindictae
1427 344 1534 392 cupi-

48 408 222 455 dissimi,
261 408 422 446 obscura
460 412 492 445 et
523 409 669 446 humili
705 409 895 447 sentiendi
925 410 1076 448 ratione
1103 411 1293 459 praediti’
1323 424 1347 448 a
1381 412 1534 451 Socrate

40 490 209 528 prorsus
239 478 448 516 abhorrere.
501 480 625 528 Atque
655 491 736 516 rem
768 479 897 528 ipsam
927 481 993 517 vix
1020 480 1102 517 ulla
1132 480 1208 529 fide
1239 481 1402 530 diqnam
1433 495 1532 520 esse:

49 552 257 597 ‘namque,
302 548 447 597 inquit,
491 549 796 586 inimicitiarum
839 551 961 599 Anyti
1003 563 1121 588 causa
1163 551 1202 588 si
1244 554 1325 588 tam
1368 552 1534 590 ridicula

47 619 187 668 ficisset
218 622 251 656 et
289 622 367 655 tam
399 619 682 665 memorabilis,
722 619 834 657 Plato
868 620 1028 658 eandem
1067 633 1373 660 commemorans
1396 623 1534 672 paullo

47 689 229 726 disertius
257 700 341 725 eam
369 688 634 737 eoeposuisset’.
680 689 855 728 Ceterum
884 691 1021 728 omnia
1048 691 1124 728 ista
1145 695 1189 728 ut
1210 692 1329 729 dicere
1356 695 1390 729 et
1410 693 1534 741 facere

46 771 89 796 ea
109 758 320 808 puerulum
341 759 476 806 deceat,
501 760 556 796 ita
575 759 775 809 pueriliter
796 760 847 797 ad
865 761 1026 798 modum
1048 761 1253 811 disputari.
1299 762 1357 800 Cf.
1376 775 1411 812 p.
1432 762 1483 801 76
1503 775 1532 801 s.

166 830 231 867 26.
274 829 403 866 Verbis
441 830 470 878 ἕ
502 831 549 867 31
583 823 764 876 ’Ἄνυτος
800 825 878 880 μὲν
917 824 988 868 οὖν
1027 855 1080 858 -
1122 828 1354 886 Σωκράτης
1391 829 1438 871 δὲ
1461 864 1467 870 .
1492 864 1531 871 ..

46 899 373 948 comparationem
395 899 495 937 inter
517 900 640 949 Anyti
665 900 909 949 Socratisque
930 904 1072 939 sortem
1100 902 1260 940 institui
1280 903 1367 940 vult
1398 903 1533 941 absur-

47 970 137 1007 dam
168 973 201 1007 et
233 970 394 1007 tenebris
424 970 491 1007 vias
521 971 753 1019 superandis
783 971 1011 1009 involutam.
1070 971 1281 1010 Neseiendi
1313 973 1434 1022 igitur
1465 974 1534 1012 illa

46 1043 127 1078 arte
164 1040 281 1089 probe
319 1040 377 1077 uti
416 1040 577 1078 scivisse
615 1041 725 1078 vides
761 1041 1026 1090 Caspersium:
1067 1054 1115 1079 an
1146 1055 1238 1080 vero
1275 1043 1378 1093 apud
1411 1044 1532 1082 Hero-

46 1110 179 1148 dotum
216 1110 389 1159 aliosque
427 1110 569 1148 similia
606 1114 781 1149 sescenta
825 1112 903 1160 legi
942 1124 1030 1149 eum
1070 1125 1147 1150 non
1186 1113 1412 1151 meminisse
1451 1127 1532 1152 ere-

46 1181 208 1218 damus?

166 1252 230 1289 27.
263 1251 321 1289 De
353 1249 404 1302 §§
432 1252 484 1288 32
502 1263 531 1288 S.
564 1245 697 1302 (Ἐμοὶ
734 1248 812 1301 μὲν
850 1246 922 1290 οὖν
950 1283 957 1290 .
987 1285 993 1291 .
1025 1247 1335 1300 .)Ε7τεδείξατο
1375 1252 1421 1292 δε
1459 1259 1534 1307 τῆς

48 1326 183 1374 ψυχῆς
204 1319 278 1374 ’τὴν
304 1318 448 1376 ῥώμην
470 1319 571 1368 κτλ.)
604 1322 677 1359 hoo
702 1323 855 1360 statuit:
888 1323 997 1361 nullo
1028 1324 1180 1362 vinculo
1213 1325 1303 1362 haec
1323 1325 1530 1372 cohaerere,

46 1392 112 1429 sed
141 1392 305 1429 alterum
336 1393 446 1429 alteri
475 1392 555 1441 fere
587 1393 827 1430 contrarium
859 1406 961 1434 esse·
992 1407 1088 1431 nam
1119 1395 1187 1443 qui
1219 1395 1373 1433 tandem
1405 1396 1534 1433 (witoni

45 1462 317 1512 fortitudinem
355 1475 396 1500 eo
427 1463 625 1511 praestari
654 1475 788 1511 posse,
834 1464 871 1500 si
908 1464 997 1513 quis
1033 1465 1156 1502 vitam
1194 1465 1369 1514 abjiciat,
1414 1478 1534 1515 quam

46 1533 148 1570 nihil
168 1533 250 1570 nisi
270 1533 375 1570 mala
396 1533 471 1570 sibi
494 1536 731 1581 paraturam
758 1546 837 1571 esse
858 1534 1067 1583 intelleqat,
1101 1535 1410 1585 facillimamque
1430 1549 1534 1574 mor-

47 1607 121 1641 tem
157 1603 320 1640 subeat?
392 1603 520 1641 Immo
559 1603 673 1641 talem
711 1604 830 1641 vitam
867 1605 905 1642 si
941 1605 1030 1653 quis
1067 1606 1248 1653 retineat,
1294 1619 1383 1644 eum
1419 1607 1533 1655 forti—

48 1673 201 1711 tudinis
231 1673 355 1711 multo
386 1674 620 1722 insiqnioris
651 1674 924 1712 documentum
956 1675 1068 1713 edere.
1132 1677 1215 1714 Has
1245 1689 1334 1715 vero
1365 1677 1533 1726 ineptias

46 1744 135 1781 inde
171 1748 286 1781 natas
323 1756 401 1781 esse
445 1747 598 1791 censet,
642 1745 745 1793 quod
786 1749 919 1783 auctor
956 1746 1273 1784 Memorabilibus
1316 1760 1415 1784 usus
1452 1748 1533 1785 alia

46 1814 327 1863 descripsisset,
360 1814 456 1859 alia,
489 1818 520 1851 et
553 1815 706 1863 quidem
726 1816 982 1863 qravissima,
1016 1817 1220 1854 omisisset.
1281 1817 1450 1867 ‘Itaque,
1473 1817 1532 1855 in-

46 1886 147 1935 quit,
180 1884 354 1933 Xenoplt.
377 1884 491 1921 Mem.
514 1884 540 1921 I
544 1884 579 1921 V
597 1886 635 1931 8,
659 1893 695 1926 1.·
729 1876 822 1922 εἶτα
845 1881 1115 1940 (ἐννοησάτω)
1138 1883 1203 1925 ὅτι
1228 1884 1264 1937 (ὁ
1287 1884 1532 1940 Σωκράτης)

46 1952 94 1993 τὸ
125 1950 203 2004 μὲν
234 1949 542 2003 ἅχθεινότατον
573 1957 649 1992 τοῦ
678 1949 774 2006 βίου
806 1951 891 1993 καὶ
924 1950 972 1993 ἐν
1004 1946 1038 2008 ᾧ
1076 1953 1269 2003 πάντες
1305 1954 1391 2010 τὴν
1423 1954 1532 1995 διά-

47 2038 189 2063 νοιαν
224 2028 492 2074 μειοῦνται
532 2020 760 2063 ἀπέλιπεν·
806 2021 918 2064 ἀντὶ
963 2022 1016 2064 δὲ
1060 2024 1240 2066 τούτου
1285 2032 1359 2080 τῆς
1400 2032 1533 2081 ψυχῆς

45 2094 120 2149 τὴν
151 2092 296 2150 ῥώμην
327 2090 653 2145 ἐπιδειξάμενος
673 2093 998 2149 προσεκτήσατο
1031 2095 1153 2135 κτλ.
1214 2098 1389 2136 Socrates
1409 2099 1533 2147 iqitur

47 2179 91 2204 ex
121 2166 345 2203 miserrima
365 2167 465 2203 vitae
489 2170 601 2215 parte
631 2167 657 2204 i.
680 2179 707 2204 e.
731 2179 748 2204 e
769 2171 957 2205 senectute
982 2168 1155 2215 decessit,
1189 2172 1222 2206 et
1253 2169 1297 2206 in
1318 2181 1396 2218 qua
1419 2172 1533 2218 parte

47 2237 228 2275 omnium
253 2237 403 2285 inqenii
428 2237 528 2274 vires
549 2237 807 2284 minuuntur,
840 2238 942 2275 nihil
966 2239 1092 2276 secius
1112 2239 1384 2287 fortitudinem
1404 2239 1533 2277 animi

40 2307 235 2356 praeclare
266 2307 440 2345 ostendit.
494 2307 622 2353 VideS,
656 2320 774 2356 quam
805 2309 990 2347 concinne
1011 2309 1100 2346 haec
1130 2310 1231 2347 dicta
1262 2310 1361 2356 sint,
1395 2322 1532 2359 quam-

47 2390 117 2426 que
149 2381 248 2415 arcte
279 2377 506 2426 coqitatione
537 2378 770 2416 cohaereant.
827 2378 872 2417 Si
898 2391 983 2417 vero
1005 2392 1094 2417 cum
1116 2380 1325 2429 Apoloqiae
1350 2380 1532 2429 scriptore

47 2448 225 2485 omiseris
255 2448 385 2485 verba:
425 2443 508 2485 καὶ
549 2443 597 2485 ἐν
635 2439 669 2500 ᾧ
706 2445 898 2495 πάντες
936 2447 1022 2502 τὴν
1060 2446 1296 2488 διάνοιαν
1325 2454 1530 2500 μειοῦν-

47 2530 147 2556 ται·
181 2514 292 2556 ἆντί
326 2513 378 2556 δὲ
409 2515 612 2556 scoticae:
645 2519 801 2556 nullum
823 2519 903 2557 iam
926 2520 1205 2558 sententiarum
1228 2521 1431 2559 vinculum
1452 2533 1532 2559 esse

46 2589 263 2638 apparebit)

166 2658 372 2697 Ordiamur
392 2672 414 2697 a
436 2659 644 2708 proximis:
673 2671 768 2697 num
789 2660 970 2709 probabis
992 2660 1305 2698 Memorabilium
1326 2661 1394 2698 illa
1415 2661 1532 2698 verba

47 2729 101 2767 ita
131 2731 342 2767 conversa?
404 2728 577 2777 Quonam
614 2729 699 2767 iure
736 2742 807 2779 pro
845 2725 937 2768 ἀντὶ
971 2725 1018 2769 δὲ
1055 2727 1205 2769 τούτου
1238 2730 1360 2768 ‘nihil
1389 2730 1529 2768 secius‘

47 2799 229 2849 ponitur?
290 2801 346 2837 Ae
378 2800 409 2837 si
441 2803 620 2838 accurate
651 2800 881 2847 attenderis,
915 2801 1011 2851 quid
1042 2801 1159 2839 faeiat
1181 2800 1410 2850 Caspersius
1440 2813 1530 2839 auo-

46 2873 170 2907 torem
203 2870 348 2921 dicere,
380 2870 531 2908 videbis
568 2882 655 2908 esse
694 2871 785 2909 hoe:
826 2870 1031 2918 „Socrates
1070 2883 1191 2909 senex
1230 2874 1393 2910 mortem
1424 2871 1530 2920 obiit,
