1820 3340
248 253 302 290 58

243 382 334 408 cum
365 372 498 408 autem
521 368 590 405 illa
616 368 657 405 in
680 379 750 405 suo
772 378 915 416 genere
938 366 1190 405 celeberrima
1213 367 1297 404 sine
1319 366 1581 405 controversia
1603 366 1731 414 fuerit,

243 441 340 478 haec
376 439 461 489 ipsa
504 450 676 488 quoque,
722 440 913 487 quantum
956 436 1152 485 videmus,
1197 448 1266 486 per
1301 439 1421 475 totam
1458 436 1732 487 antiquitatem

242 510 463 559 notissima,
496 509 635 546 horum
668 508 836 545 maxime
875 507 1052 557 ipsorum
1090 518 1268 556 operum,
1308 507 1341 545 si
1378 507 1569 557 Apologia
1605 511 1732 557 poste-

243 582 342 620 riore
374 583 499 618 aetate
531 578 744 628 composita
781 578 848 626 sit,
887 577 1054 626 vestigia
1091 577 1131 614 in
1170 590 1215 616 ea
1252 577 1457 615 inventum
1494 577 1541 615 iri
1581 589 1732 615 summa

244 663 335 702 spes
373 654 434 689 est
470 650 576 688 haud
615 661 729 687 secus
773 652 891 698 atque
934 649 974 685 in
1013 647 1167 685 Libanii
1210 648 1309 686 libro
1351 648 1618 686 inveniuntur.
1680 649 1732 685 At

242 725 373 760 tamen
405 733 478 759 nec
508 720 637 769 Plato,
676 723 720 758 ut
751 731 869 769 supra
900 719 1090 768 vidimus,
1128 730 1256 768 neque
1287 718 1512 767 Polycrates
1545 718 1730 767 occurrit3

242 805 333 830 nam
364 792 468 842 quod
499 791 647 829 crimen
680 790 781 828 illud
812 790 926 840 Apol.
960 789 983 840 ξ
1008 790 1061 828 20
1094 801 1117 827 a
1147 789 1289 828 Meleto
1318 789 1466 827 Socrati
1497 790 1644 828 factum
1667 789 1733 827 ad-

242 866 373 902 monet
404 861 662 901 incusationis
694 861 810 899 Mem.
833 861 853 898 I
877 862 973 909 2,52
1005 861 1195 910 prolatae,
1234 860 1298 898 hic
1334 861 1494 898 tandem
1525 860 1732 911 aliquando

243 934 342 972 illud
373 933 477 984 quod
510 933 627 981 vulgo
665 933 790 971 fertur
821 931 1118 981 exceptionibus
1150 931 1308 980 regulas
1346 931 1566 969 confirmari
1603 931 1733 969 valere

241 1017 419 1043 censeas:
453 1016 542 1042 cum
575 1003 679 1041 enim
713 1003 837 1041 semel
864 1003 1002 1052 jussus
1034 1005 1141 1040 esset
1172 1002 1339 1040 Meletus
1371 1013 1633 1053 quaecunque
1665 1002 1733 1039 ha-

242 1077 350 1114 beret
381 1086 628 1125 expromere,
673 1086 790 1124 quam
827 1074 1078 1122 magnificam
1118 1073 1364 1122 praebuisset
1403 1072 1572 1121 speciem
1604 1072 1733 1110 crimi-

241 1147 445 1185 nationum
476 1145 740 1195 multiplicum
772 1145 940 1183 varietas
961 1144 1114 1183 victrici
1136 1144 1360 1193 eloquentia
1380 1143 1553 1193 repulsa!
1607 1142 1733 1191 Quare

242 1229 319 1255 non
357 1217 532 1255 consulto
571 1229 662 1255 eum
700 1215 919 1264 Polycratis
963 1218 1179 1253 commenta
1223 1214 1472 1264 praeteriisse
1515 1214 1730 1261 credemus,

243 1288 313 1326 sed
346 1290 389 1325 ut
419 1287 596 1325 Platonis
628 1286 841 1336 Apologiae
872 1286 1051 1324 notitiam
1088 1298 1165 1324 non
1203 1285 1386 1323 habuisse
1424 1285 1730 1335 Xenophonteae

240 1362 438 1396 auctorem
476 1358 559 1396 veri
603 1357 851 1395 simillimum
883 1357 1048 1395 antehac
1089 1356 1315 1403 statuimus,
1360 1356 1414 1393 ita
1459 1355 1528 1393 illa
1575 1367 1731 1406 quoque

241 1429 373 1478 ignota
403 1429 439 1467 ei
470 1428 593 1466 fuisse
624 1440 731 1466 nunc
758 1427 1034 1477 judicabimus.

361 1500 439 1538 Sed
472 1499 628 1537 omnino
661 1511 740 1537 non
771 1499 928 1537 videtur
958 1498 1070 1536 libris
1102 1501 1236 1536 auctor
1267 1509 1363 1536 usus
1395 1509 1482 1535 esse
1514 1498 1732 1547 cum‘Apo—

241 1570 383 1620 logiam
415 1572 674 1620 componeret.
736 1569 837 1607 Nam
875 1569 1114 1619 colloquium
1147 1568 1306 1618 quidem
1342 1568 1440 1606 illud
1472 1568 1732 1616 Hermogenis

241 1654 331 1680 cum
365 1642 522 1680 Socrate
553 1641 585 1679 si
618 1652 669 1678 ex
700 1640 925 1678 huiusmodi
958 1640 1064 1678 fonte
1096 1639 1311 1686 hausisset,
1343 1651 1405 1686 ea,
1438 1650 1537 1688 quae
1564 1639 1606 1676 in
1628 1638 1732 1688 prin-

242 1712 343 1762 cipio
374 1712 501 1750 libelli
523 1712 724 1763 leguntur,
755 1711 925 1761 praefari
954 1710 1110 1760 maj0ris
1133 1710 1323 1760 profecto,
1356 1722 1473 1759 quam
1503 1721 1603 1759 quae
1626 1709 1731 1747 credi

241 1783 382 1833 possit,
426 1782 692 1832 impudentiae
735 1785 854 1831 atque
896 1781 1066 1831 ineptiae
1103 1781 1253 1819 fuisset.
1322 1780 1475 1818 Deinde
1512 1791 1611 1830 quae
1644 1780 1732 1818 sub-

242 1853 421 1904 sequitur
452 1853 572 1892 oratio
605 1853 774 1892 Socratis
797 1852 968 1902 speciem
1001 1854 1039 1890 et
1060 1852 1145 1901 ipsa
1167 1846 1582 1901 αὖτοσχεόιάσματος
1602 1850 1731 1889 0111115-

242 1924 330 1962 dam
364 1924 460 1962 satis
491 1923 699 1973 perspicue
730 1923 891 1973 praebet
922 1935 1028 1961 mera
1060 1935 1110 1961 ex
1142 1921 1366 1971 conjectura
1387 1922 1433 1960 ab
1455 1924 1612 1960 auctore
1633 1921 1729 1971 ipso,

241 2006 331 2033 011111
363 1998 518 2045 praeter
549 1992 714 2048 γραφὴν
744 1994 870 2044 ipsam
903 1993 956 2041 (id
990 1993 1094 2043 quod
1125 1993 1166 2031 in
1194 1993 1374 2042 proxima
1401 1992 1644 2042 paragrapho
1672 1991 1730 2029 di-

244 2067 426 2104 stinctius
449 2066 642 2104 disserere
665 2065 907 2115 conabimur)
934 2077 1057 2114 pauca
1088 2063 1359 2102 tantummodo
1398 2064 1446 2102 de
1478 2063 1630 2101 actione
1662 2075 1730 2101 au-

241 2137 382 2185 disset,
425 2137 580 2187 proprio
618 2137 741 2174 Marte
780 2135 1004 2185 composifi3
1050 2135 1264 2185 eademque
1308 2134 1478 2184 denique
1521 2134 1638 2172 etiam
1683 2133 1731 2172 de

241 2207 395 2258 reliqua
425 2210 535 2257 parte
567 2207 691 2245 libelli
724 2207 866 2244 valent.

359 2279 467 2316 Haec
509 2280 640 2316 autem
692 2277 820 2315 omnia
862 2277 993 2315 nescio
1039 2288 1155 2326 quam
1202 2275 1319 2314 aliam
1367 2274 1730 2325 interpretationem

241 2349 412 2387 habeant
442 2352 559 2399 atque
590 2361 693 2397 eam,
725 2351 769 2386 ut
790 2347 981 2397 Apologia
1011 2348 1058 2385 ab
1080 2346 1235 2397 aequali
1256 2347 1431 2385 Platonis
1453 2350 1492 2385 et
1512 2345 1730 2395 Polycratis

241 2420 463 2469 conscripta
494 2420 668 2458 ducatur.
730 2419 793 2457 Ita
830 2419 957 2457 solum
987 2418 1272 2467 intellegimus,
1317 2417 1383 2468 qui
1428 2417 1511 2456 fieri
1549 2415 1729 2467 potuerit,

241 2568 426 2613 Polycrate
452 2570 622 2614 produnt,
650 2569 840 2604 concinant
865 2579 905 2603 ac
931 2569 1125 2613 congruant
1150 2568 1207 2613 (de
1233 2578 1303 2612 qua
1328 2578 1364 2602 re
1393 2567 1554 2602 conferas
1580 2565 1728 2601 Schanz.

240 2627 339 2672 l.1.),
377 2628 454 2662 fieri
486 2639 555 2663 non
588 2630 703 2673 potest
735 2628 821 2672 quin
853 2627 1071 2671 exploratam
1098 2638 1173 2661 rem
1198 2629 1380 2671 ratamque
1405 2627 1524 2660 ducas.
1562 2645 1607 2650 —
1644 2624 1729 2659 Post

240 2697 270 2723 a.
297 2687 366 2722 393
392 2687 588 2731 Polycratis
613 2686 773 2721 libellum
799 2686 999 2730 ponendum
1025 2696 1103 2720 esse
1129 2685 1209 2720 inde
1235 2685 1406 2729 efficitur,
1433 2685 1526 2729 quod
1550 2683 1730 2719 moenium

240 2756 261 2781 a
287 2746 429 2781 Conone
455 2746 697 2781 restitutorum
728 2746 764 2779 in
796 2756 837 2780 eo
869 2745 999 2779 mentio
1031 2745 1160 2779 iniecta
1190 2746 1267 2779 erat
1305 2744 1358 2789 (ut
1395 2744 1504 2778 refert
1535 2742 1728 2777 Favorinus

239 2804 339 2849 Diog.
367 2805 480 2839 Laert.
507 2805 633 2849 1138);
667 2815 747 2839 011111
774 2805 892 2838 autem
918 2804 961 2838 ad
987 2814 1069 2837 eum
1094 2803 1220 2846 Lysias
1246 2802 1484 2847 responderit,
1517 2802 1618 2836 cuius
1650 2811 1728 2836 ora-

238 2863 369 2897 tionem
397 2865 476 2907 post
500 2873 531 2898 a.
550 2863 620 2898 380
645 2863 798 2898 habitam
825 2862 958 2897 nullam
985 2861 1164 2904 novimus,
1198 2862 1309 2906 spatio
1336 2863 1413 2905 post
1438 2871 1468 2896 a.
1487 2860 1557 2895 393
1583 2870 1652 2895 non
1677 2859 1726 2894 ita

241 2930 367 2966 magno
393 2921 598 2966 interposito
625 2932 705 2956 eum
732 2921 964 2965 compositum
989 2930 1067 2955 esse
1093 2919 1284 2955 verisimile
1310 2921 1374 2954 est.
