1820 3340
1481 247 1529 284 71

56 361 98 399 in
129 360 340 407 Socratem,
373 359 518 408 quippe
549 358 616 408 qui
648 359 752 397 soliti
784 358 903 396 moris
941 370 1028 396 sese
1059 358 1239 396 terminis
1270 359 1426 397 omnino
1456 371 1533 397 non

55 432 265 479 coerceret,
297 428 452 477 egregie
484 428 673 478 quadrare
704 432 882 478 apertum
920 432 996 478 est,
1033 428 1184 477 judices
1221 431 1351 466 autem
1390 432 1429 466 et
1466 429 1534 478 qui

53 500 299 539 absolverant
329 502 368 537 et
399 499 465 548 qui
498 499 794 547 damnaverant,
835 498 929 548 quid
961 498 1173 546 singularis
1204 498 1273 536 ille
1304 499 1421 537 homo
1453 501 1532 536 tam

53 569 333 609 contumaciter
369 569 483 607 modo
520 569 675 607 locutus
710 570 791 618 jam
829 569 1031 607 habiturus
1075 572 1184 607 esset
1227 569 1333 619 quod
1375 569 1533 616 diceret,

51 640 251 688 audiendi,
283 652 377 677 num
409 643 515 677 esset
537 639 699 689 spiritus
730 639 810 688 jam
831 639 917 677 illos
939 639 1196 687 remissurus,
1227 639 1386 677 videndi
1408 640 1531 678 fuisse

51 711 147 749 satis
179 710 338 759 cupidos
370 712 413 747 ut
443 713 705 755 remanerent,
737 710 878 759 ecquid
910 722 989 747 non
1020 710 1145 759 possit
1176 710 1305 748 credi?

168 781 287 819 Porro
318 780 567 818 Palamedem
604 781 646 817 in
682 781 756 818 ista
792 780 906 818 tertia
943 781 1112 818 oratione
1149 793 1171 817 a
1203 780 1360 819 Socrate
1398 781 1531 830 appel-

51 851 174 889 latum
217 862 303 889 esse
347 851 482 889 eadem
531 851 678 889 ratione
729 851 883 889 efficere
931 851 1081 900 licebit3
1135 854 1173 889 et
1216 851 1531 889 vaticinationem

48 922 245 972 quandam
276 921 325 959 ad
355 921 594 959 adversarios
632 921 892 970 pertinentem
930 933 1020 959 eum
1057 921 1330 970 pronuntiasse
1370 921 1402 959 si
1441 921 1531 971 quis

46 1004 99 1031 ex
130 992 242 1042 Apol.
275 992 373 1029 Plat.
405 1003 487 1041 cap.
510 991 626 1029 XXX
647 991 698 1030 in.
743 994 781 1029 et
819 991 931 1041 Apol.
963 991 1061 1029 Xen.
1102 990 1203 1042 §30
1251 994 1413 1040 statuet,
1458 1003 1530 1040 ego

48 1075 126 1101 non
157 1063 353 1111 gravabor.

163 1134 364 1172 Postremo
396 1133 718 1182 praetereundum
758 1144 835 1170 non
873 1135 948 1181 est,
996 1132 1098 1181 quod
1141 1132 1245 1170 idem
1283 1133 1382 1182 fere,
1427 1133 1530 1182 quod

43 1204 157 1253 Apol.
182 1204 235 1242 20
268 1204 306 1241 in
340 1203 496 1241 Socrate
526 1203 844 1252 reprehenditur,
876 1203 996 1241 etiam
1026 1203 1073 1240 ab
1099 1203 1304 1252 Polycrate
1336 1202 1528 1252 prolatum

44 1286 133 1312 esse
170 1273 436 1312 Memorabilia
479 1273 710 1322 Libaniique
750 1273 941 1322 Apologia
985 1273 1141 1323 docent,
1186 1285 1306 1323 quare
1349 1285 1400 1311 ex
1436 1285 1528 1311 vera

43 1345 292 1382 accusatione
329 1344 369 1381 id
406 1344 586 1382 hausisse
622 1347 661 1381 et
701 1344 915 1392 Apologiae
959 1347 1156 1382 auctorem
1200 1346 1238 1382 et
1282 1343 1528 1392 Polycratem

43 1427 115 1465 pro
147 1418 251 1453 certo
283 1414 498 1452 habuerim.

161 1485 264 1524 Satis
309 1496 504 1534 superque
547 1484 683 1533 igitur,
735 1484 838 1534 quod
895 1484 1239 1522 demonstrandum
1296 1487 1393 1533 erat,
1438 1496 1525 1524 esse

42 1556 115 1594 hac
153 1555 380 1605 quaestione
412 1555 720 1593 demonstratum
752 1555 924 1592 videtur:
964 1567 1095 1592 veram
1129 1554 1299 1592 Socratis
1331 1554 1527 1592 defensio-

43 1638 133 1664 nem
172 1625 383 1674 Apologiae
426 1625 599 1663 oratione
644 1625 753 1663 nullo
797 1629 909 1674 pacto
947 1625 1068 1663 reddi.
1136 1625 1340 1663 Praeterea
1384 1637 1434 1663 ex
1471 1625 1527 1663 eis

42 1708 140 1747 quae
171 1696 348 1746 proxime
379 1695 656 1744 disseruimus,
694 1695 792 1733 illud
830 1708 984 1746 quoque
1022 1696 1117 1734 satis
1156 1695 1342 1744 dilucide,
1381 1696 1526 1745 opinor,

40 1767 222 1816 emergit,
254 1779 352 1817 quae
373 1766 618 1816 Xenophonti
642 1766 803 1804 materia
823 1767 941 1804 fuerit
961 1766 1010 1804 ad
1033 1767 1342 1816 componendam
1364 1766 1525 1804 alteram

40 1837 165 1876 libelli
197 1840 364 1887 partem:
398 1837 545 1874 sciebat
576 1837 762 1874 Videlicet
800 1836 999 1874 Socratem
1036 1837 1251 1874 inauditam
1288 1837 1398 1874 illam
1436 1849 1525 1875 con-

39 1908 251 1946 tumaciam
288 1908 330 1945 in
368 1907 596 1945 defensione
634 1919 704 1944 sua
741 1907 969 1945 adhibuisse
1007 1907 1218 1958 ipsumque
1255 1908 1308 1945 ita
1345 1908 1525 1945 effecisse

40 1982 85 2017 ut
116 1979 381 2028 damnaretur,
420 1977 620 2016 oraculum
653 1977 939 2026 Chaerephonti
977 1977 1111 2015 datum
1143 1977 1369 2026 protulisse,
1406 1977 1524 2016 inter-

39 2049 238 2098 rogatione
269 2049 371 2086 inter
402 2048 667 2086 defensionem
706 2048 807 2086 facta
838 2048 1027 2086 Meletum
1066 2048 1298 2095 convicisse,
1337 2051 1426 2097 post
1462 2060 1525 2086 ca-

39 2120 134 2170 pitis
166 2120 392 2157 damnatum
425 2119 640 2156 orationem
677 2118 832 2156 tertiam
871 2119 1070 2167 habuisse,
1111 2131 1187 2168 qua
1220 2118 1399 2167 judicum
1439 2130 1525 2157 sen-

39 2190 159 2229 tentia
201 2191 426 2240 neutiquam
465 2201 551 2228 sese
594 2189 761 2227 fractum
792 2191 1023 2238 praestaret,
1062 2189 1364 2240 Palamedisque
1408 2190 1524 2227 sortis

37 2273 132 2299 suae
163 2260 303 2298 similis
334 2261 376 2298 in
407 2272 452 2298 ea
482 2260 723 2298 mentionem
745 2259 945 2308 injecisse3
979 2262 1018 2297 et
1040 2260 1143 2309 quod
1177 2258 1199 2310 ξ
1226 2260 1278 2297 23
1302 2271 1379 2297 11011
1402 2260 1522 2308 deest,

37 2331 135 2382 quin
167 2331 364 2369 Secratem
395 2334 435 2368 et
465 2330 709 2368 recusavisse
740 2330 911 2368 affirmet
941 2342 990 2367 ne
1022 2330 1186 2368 multam
1226 2330 1301 2367 sibi
1332 2330 1523 2378 irrogaret

39 2414 156 2451 quam
199 2402 248 2439 de
286 2413 356 2439 suo
393 2401 665 2450 persoluturus
716 2405 835 2450 esset,
880 2412 1010 2450 neque
1059 2400 1194 2438 amicis
1244 2400 1522 2449 morigeratum

35 2484 131 2511 esse
156 2472 343 2520 majorem
374 2483 555 2521 poenam,
594 2483 709 2521 quam
748 2471 922 2520 ipsorum
960 2471 1082 2520 copiis
1121 2471 1368 2520 depensurus
1406 2475 1522 2520 esset,

25 2546 170 2592 'petere
202 2554 293 2580 eum
321 2542 545 2591 jubentibus
557 2541 602 2591 ¹),
636 2541 804 2590 suspicio
837 2553 913 2579 non
944 2542 1070 2589 abest,
1104 2542 1198 2591 quin
1229 2553 1316 2579 esse
1344 2542 1411 2592 qui
1432 2554 1522 2580 con-

36 2613 242 2651 tenderent
272 2612 414 2650 fecisse
445 2612 558 2649 illum
590 2624 651 2660 ea,
685 2624 783 2661 quae
814 2612 900 2662 ipse
931 2616 1066 2662 negat,
1099 2612 1240 2650 viderit
1262 2615 1301 2650 et
1322 2613 1412 2662 quia
1435 2613 1521 2662 ipse

35 2683 212 2721 animum
242 2683 427 2721 inducere
459 2694 535 2720 non
566 2685 700 2732 posset
730 2682 822 2720 talia
844 2682 1019 2731 credere,
1052 2682 1186 2732 utique
1207 2682 1287 2720 illis
1310 2683 1521 2732 obloquen-

36 2753 132 2791 dum
163 2765 251 2791 esse
281 2753 491 2801 putaverit,
531 2753 613 2791 suis
645 2753 771 2802 magis
803 2753 974 2791 confisus
1005 2753 1221 2790 rationibus
1259 2765 1376 2802 quam
1412 2753 1522 2791 testi-

157 2867 189 2912 1)
216 2867 339 2911 Neque
366 2867 460 2901 enim
486 2867 676 2911 quidquam
702 2867 796 2901 aliud
823 2867 1022 2911 significare
1047 2868 1196 2911 possunt
1221 2866 1329 2901 verba
1355 2867 1455 2911 Apol.
1476 2867 1520 2901 23

36 2927 120 2959 οὔτε
147 2926 254 2964 αὐτὸς
281 2927 532 2972 ὑπετιμήσατο
560 2927 641 2959 οὔτε
667 2927 749 2964 τοὺς
775 2927 903 2971 φίλους
930 2928 1057 2960 εἴασεν.
