1820 3340
1485 267 1537 303 33

173 385 301 433 Atque
339 386 382 420 ut
419 383 496 421 iam
533 396 554 421 a
587 383 831 432 singularum
863 394 995 420 rerum
1026 382 1326 429 deliberatione,
1363 382 1403 420 id
1435 383 1539 432 quod

50 454 183 492 solum
205 454 360 491 videtur
390 453 586 503 reliquum
617 465 720 501 esse,
754 465 822 491 nos
849 453 898 490 ad
926 453 1150 490 universam
1177 453 1382 503 utriusque
1404 453 1539 502 scripti

52 524 421 573 contemplationem
453 535 683 561 revocemus
714 523 967 572 ipsarumque
1000 523 1155 560 aurium
1186 523 1345 562 arbitrio
1383 527 1540 561 utamur

53 598 94 632 et
130 594 310 632 consilio:
349 594 565 641 neminem,
605 594 673 643 qui
710 593 751 630 111
789 594 860 631 1130
898 605 939 630 re
976 593 1148 642 aliquem
1187 605 1348 631 sensum
1386 594 1536 641 habeat,

50 665 230 702 futurum
260 675 348 702 esse
380 663 546 712 confido,
579 664 675 713 quin
707 664 874 701 sanitate
906 663 1074 712 quadam
1102 667 1142 702 et
1168 663 1393 712 integritate
1419 667 1537 714 atque

51 735 168 772 viridi
207 737 425 784 vegetoque
470 746 564 772 sono
609 734 839 783 Apologiam
884 733 1022 771 ultimo
1066 733 1376 772 Memorabilium
1420 734 1537 784 capiti

51 805 158 843 haud
188 805 305 843 dubie
336 807 548 854 praestare,
587 804 706 842 huius
744 807 876 842 autem
908 807 1106 841 auctorem
1137 804 1302 841 nimium
1332 805 1374 842 111
1406 816 1447 842 se
1478 805 1536 842 in—

50 875 272 925 quirentem
308 879 425 924 atque
458 875 654 912 minutum
685 877 725 912 et
756 874 797 911 in
828 874 914 923 ipsa
945 886 1062 923 quam
1101 874 1352 923 consequitur
1382 875 1536 913 concin-

49 945 173 984 nitate
205 945 395 995 puerilem
418 957 554 983 verum
576 945 787 994 Apologiae
819 944 1051 993 sanguinem
1082 944 1296 993 deperdere
1325 945 1535 994 intellegat.

786 1020 804 1040 >1<

623 1049 642 1070 >κ
949 1051 969 1073 >k

169 1097 242 1135 Tot
272 1097 391 1146 igitur
422 1100 740 1146 argumentorum
768 1099 964 1134 momenta
991 1108 1079 1133 cum
1108 1096 1209 1134 hanc
1231 1096 1535 1145 explicationem

49 1168 252 1218 postulent
293 1168 566 1217 flagitentque,
611 1179 680 1216 pro
730 1167 936 1205 manifesto
979 1167 1056 1204 iam
1106 1170 1145 1204 et
1189 1167 1390 1216 explorato
1434 1167 1535 1205 illud

47 1239 275 1276 habendum
296 1239 386 1277 erit:
421 1237 697 1288 Apologiam
720 1241 828 1276 ante
849 1237 1175 1275 Memorabilia
1197 1241 1407 1275 extrema
1429 1250 1534 1276 esse

47 1309 382 1359 conscriptam.
435 1310 565 1358 Atque
596 1308 692 1346 adeo
719 1320 890 1357 vererer,
922 1320 971 1346 ne
1003 1308 1152 1345 multus
1183 1308 1222 1345 in
1256 1320 1298 1346 re
1328 1309 1535 1358 perspicua

47 1383 88 1417 et
118 1379 292 1417 insolens
325 1380 509 1427 fuissem,
547 1379 625 1416 nisi
663 1379 896 1417 contrariam
934 1381 1089 1416 nostrae
1121 1378 1169 1416 de
1200 1379 1273 1416 hac
1304 1391 1346 1417 re
1379 1382 1534 1417 senten-

47 1450 142 1487 tiam
186 1450 347 1499 plurimi
392 1452 522 1488 essent
561 1449 665 1487 docti
704 1461 915 1499 eorumque
955 1448 1207 1487 doctissimus
1246 1450 1415 1499 quisque
1452 1462 1533 1488 am-

47 1520 156 1570 plexi
168 1520 214 1569 1),
258 1524 375 1570 atque
419 1521 496 1558 nisi
539 1521 612 1558 hac
656 1519 932 1569 disquisitione
975 1519 1275 1557 fundamentum
1314 1532 1431 1569 quam
1469 1521 1532 1557 fir-

47 1647 344 1691 quemadmodum
371 1657 415 1681 ex
441 1645 660 1689 simplicibus
683 1645 872 1690 Apologiae
899 1645 1015 1679 verbis
1044 1646 1109 1687 ,,οὐ
1135 1645 1205 1690 γὰρ
1231 1645 1316 1691 ἐμοὶ
1343 1646 1430 1678 ἀλλὰ
1457 1650 1533 1684 τοῖς

45 1712 268 1749 καταγνοῦσι
293 1711 402 1738 τοῦτο
430 1705 579 1750 αἰσχρόν
604 1705 701 1737 ἐστι“
731 1705 765 1748 (ξ
783 1703 843 1748 26)
869 1704 936 1738 ista
961 1706 1041 1738 nata
1067 1704 1153 1746 Sint,
1180 1703 1280 1738 facile
1305 1704 1530 1750 intellegitur.

46 1784 90 1788 —
118 1765 233 1808 Atque
260 1764 289 1798 si
314 1764 378 1799 hos
405 1763 499 1798 locos
526 1773 786 1807 comparamus:

266 1834 366 1878 Apol.
393 1835 412 1878 ξ
429 1833 449 1867 2
466 1844 534 1878 sq:
1071 1832 1176 1866 Mem.
1204 1833 1224 1876 ξ
1243 1834 1280 1867 4:

40 1899 200 1938 Ἐκεῖνος
226 1899 295 1943 γὰρ
323 1898 392 1943 ἔφη
505 1899 636 1931 εἰπεῖν·
679 1899 751 1931 Οὐκ
820 1895 913 1942 Ἔφη
939 1897 1008 1942 γὰρ
1036 1924 1042 1930 .
1063 1924 1069 1931 .
1090 1924 1097 1930 .
1125 1899 1242 1940 λέγειν
1263 1898 1371 1943 αὐτῷ,
1399 1899 1445 1936 ὡς
1458 1900 1531 1943 χρὴ

93 1958 199 2003 ἐχρῆν
215 1960 345 2004 μέντοι
363 1960 527 1997 σκοπεῖν,
556 1956 582 1989 ὦ
602 1957 750 2000 Σώκρα-
872 1959 1036 1996 σκοπεῖν,
1064 1955 1084 1988 ὅ
1109 1968 1143 1988 τι
1170 1956 1452 2000 ἀπολογήσεται.

93 2028 164 2059 τες,
192 2019 253 2050 καὶ
279 2016 299 2049 ὅ
325 2029 359 2049 τι
386 2016 630 2060 ιἰπολογήσει,·

39 2074 143 2109 Ἐπεὶ
170 2075 316 2108 δἀὐτὸν
343 2076 510 2120 ἐρέσθαι·
544 2079 647 2114 Πῶς;
673 2072 751 2108 ’Ότι
819 2072 923 2107 Ἐπεὶ
950 2072 1097 2106 δἀὐτὸν
1124 2076 1242 2117 ἤρετο,
1271 2072 1387 2113 ὅπως,
1415 2075 1532 2107 εἰπεῖν

92 2131 200 2168 οὖδὲν
226 2133 355 2168 ἄδικον
382 2134 647 2179 διαγεγένημαι
665 2146 749 2166 ποι-
873 2132 983 2165 αὐτὸν
1003 2131 1058 2165 ὅτι
1079 2131 1186 2165 οὐδὲν
1206 2133 1292 2164 ἄλλο
1312 2138 1433 2164 ποιῶν
1452 2132 1530 2166 δια-

92 2200 152 2234 ῶν,
179 2195 251 2226 κτλ.
869 2192 1077 2234 γεγένηται,
1107 2193 1124 2232 ἢ
1151 2192 1222 2223 κτλ.

39 2265 161 2298 ‘utrum
195 2263 307 2308 magis
339 2265 393 2297 est
423 2264 698 2297 consentaneum
730 2261 946 2306 propiusque
977 2261 1099 2295 fidem:
1138 2260 1418 2295 Memorabilium
1451 2270 1529 2294 sen-

43 2322 173 2356 tentias
200 2322 242 2356 ab
260 2321 451 2366 Apologiae
478 2323 621 2356 auctore
646 2321 683 2354 111
709 2320 901 2354 orationem
919 2322 1052 2354 rectam
1070 2329 1148 2353 esse
1167 2319 1267 2363 quasi
1285 2320 1378 2353 retro
1397 2329 1529 2361 versas,

36 2391 87 2415 van
120 2381 274 2415 oratione
306 2382 402 2414 recta
434 2390 492 2414 eas
531 2390 716 2424 expressas
748 2380 867 2421 antea,
907 2380 983 2413 tum
1015 2378 1168 2412 redditas
1203 2378 1358 2412 oratione
1391 2377 1531 2423 obliqua

36 2439 147 2474 esse?
181 2460 225 2464 ——
252 2441 303 2473 Ac
327 2450 372 2473 ne
398 2439 431 2473 id
458 2439 598 2483 quidem
623 2449 708 2473 casu
732 2438 867 2472 factum
894 2447 972 2471 esse
998 2437 1148 2480 videtur,
1175 2439 1213 2470 ut
1238 2437 1348 2480 idem,
1375 2437 1466 2480 quod
1492 2437 1529 2470 111

42 2498 157 2543 Apol.,
183 2500 299 2532 exstet
322 2498 357 2531 in
383 2499 442 2542 §4
466 2497 616 2532 verbum
642 2496 916 2540 διαγίγνεσθαι,
944 2496 1036 2540 quod
1062 2506 1238 2540 nusquam
1263 2495 1345 2530 alibi
1370 2496 1405 2529 in
1422 2495 1528 2530 Mem.

39 2557 222 2591 invenitur
251 2557 412 2601 (excepto
438 2567 508 2591 uno
539 2555 614 2590 loco
646 2555 683 2589 H
701 2556 733 2598 8,
754 2556 801 2599 5),
831 2566 912 2589 cum
943 2554 1082 2598 διάγειν
1105 2554 1235 2589 habeas
1258 2554 1276 2588 I
1293 2555 1326 2597 3,
1346 2566 1373 2592 5.
1408 2554 1441 2588 II
1461 2555 1478 2588 7
1502 2566 1527 2593 τ.

42 2615 98 2650 ΠΙ
116 2616 170 2660 13,
191 2626 218 2653 2.
244 2615 296 2649 IV
314 2615 405 2658 4,15.
433 2616 464 2659 7,
485 2626 517 2657 93
550 2614 726 2648 διατελεῖν
751 2614 803 2648 1V
821 2614 853 2657 S,
872 2624 978 2658 ubis),
994 2625 1036 2651 11.
1064 2613 1080 2647 Ι
1099 2613 1130 2656 2,
1149 2624 1193 2652 28-
1221 2614 1253 2656 6,
1272 2624 1298 2651 2.
1313 2625 1341 2651 9.
1372 2613 1430 2647 III
1449 2613 1479 2655 1,
1501 2625 1527 2650 4.

41 2673 93 2708 IV
112 2674 132 2708 2
149 2686 176 2712 4.
191 2686 218 2712 5.
245 2675 278 2717 5,
298 2685 330 2714 23
358 2673 526 2716 διαβιοῦν
550 2673 585 2707 11
605 2674 636 2713 1,
655 2684 700 2710 23.
727 2672 778 2707 IV
795 2673 828 2716 8,
847 2684 873 2712 2.
888 2684 914 2709 4-

162 2745 196 2788 1)
224 2744 274 2779 Cf.
302 2743 447 2779 Gilberti
475 2744 511 2777 in
536 2744 642 2778 Mem.
669 2743 819 2778 editione
852 2743 980 2777 maiore
1013 2741 1178 2776 iudicium
1206 2742 1252 2785 (p.
1267 2740 1436 2785 LXXV):
1465 2740 1528 2783 „ld

35 2803 185 2848 *quidem
211 2803 302 2837 inter
327 2813 387 2837 eos
413 2803 472 2847 qui
497 2803 634 2847 integre
662 2802 832 2845 iudicant,
860 2812 953 2835 nuno
980 2802 1132 2845 constat,
1159 2811 1227 2835 non
1248 2799 1526 2835 Commentario-

21 2872 121 2896 ¹rum
147 2864 252 2906 caput
278 2863 476 2896 extremum
502 2872 547 2895 ex
573 2860 759 2905 Apologia,
788 2861 849 2894 sed
875 2860 991 2904 potius
1009 2859 1199 2903 Apologiae
1226 2859 1268 2903 ἐξ
1284 2858 1389 2894 2-6
1415 2859 1526 2903 (00111-

37 2919 230 2965 pluresque
256 2920 341 2955 alios
366 2920 443 2955 eius
468 2920 577 2964 locos)
605 2931 649 2955 ex
675 2919 733 2954 illo
760 2929 836 2953 esse
857 2919 1058 2953 confictas“.
1098 2919 1214 2962 Atque
1235 2917 1526 2952 Wilamowitzius

1291 2988 1312 3023 3
