1820 3340
1475 228 1554 265 157

77 341 246 390 gendam
277 342 596 381 existimaverim.
659 342 758 380 Tum
792 355 881 380 vero
910 355 1009 392 quae
1031 342 1079 380 de
1101 343 1293 381 aetatibus
1315 343 1557 393 dialogorum

75 412 233 450 illarum
264 412 461 461 dicuntur,
494 425 582 451 esse
613 425 659 451 ea
690 425 767 451 non
798 413 929 451 minus
960 414 1127 462 incerta,
1160 426 1277 463 quam
1304 417 1409 453 certa
1436 414 1556 452 Wila-

75 483 269 521 mowitzio
300 483 499 532 videntur,
531 495 645 522 nenio
677 486 818 532 nescit,
850 486 968 534 atque
1000 486 1154 522 oracula
1185 496 1275 522 eum
1297 485 1463 523 fundere
1483 486 1556 524 hoc

74 553 158 591 1000
190 554 314 603 magis
347 566 463 604 quam
494 558 723 602 argumenta
753 555 925 603 proferre
958 566 1071 592 nemo
1103 567 1180 592 non
1211 555 1328 594 videt.

191 624 290 662 Item
335 625 476 674 quibus
520 624 733 663 rationibus
769 625 1097 663 Wilamowitzius
1135 626 1290 664 efficere
1328 638 1443 675 posse
1482 627 1555 663 sibi

75 695 253 733 videatur
289 699 454 745 spectare
490 696 695 733 Menonem
733 696 783 733 acl
819 696 1033 745 Polym-atil<
1072 690 1342 750 κατηγορίαν,
1387 709 1463 734 non
1508 697 1556 735 ad

74 778 187 804 veros
230 770 475 805 accusatores
519 767 643 817 ipsos,
688 767 869 816 equidem
913 767 1022 805 nullo
1067 768 1178 805 modo
1223 767 1419 816 intellego.
1494 770 1554 806 An

75 836 224 886 opinari
257 849 348 875 eum
380 838 480 875 forte
513 838 717 876 credamus
749 837 849 875 nihil
881 850 1031 887 eorum,
1064 850 1164 887 quae
1195 851 1217 876 a
1238 838 1443 886 Polycrate
1470 851 1555 888 pro-

72 908 306 957 ferebantur,
344 908 421 946 iam
459 911 573 946 antea
608 909 655 946 ab
693 909 825 957 Anyto
863 909 1024 958 eiusque
1064 909 1178 947 sociis
1220 909 1343 947 fuisse
1381 909 1554 948 dictum?

74 1001 126 1007 -
161 978 246 1016 Iam
278 991 369 1017 vero
401 982 445 1017 ut
474 979 543 1017 illa
574 991 728 1029 quoque
760 979 889 1017 onmia
921 991 962 1017 se
990 983 1094 1017 reete
1116 980 1300 1018 habeant:
1334 981 1428 1029 quid
1449 981 1555 1018 aliud

71 1050 162 1088 inde
194 1050 505 1088 concludendum
542 1050 619 1088 nisi
651 1050 835 1100 scriptam
874 1050 1014 1100 fnisse,
1047 1062 1122 1101 quo
1155 1054 1328 1100 tempore
1364 1052 1555 1101 Apologia

71 1124 379 1170 componeretur,
411 1120 623 1158 orationem
654 1120 759 1158 illam
792 1120 1027 1169 Polycratis:
1062 1121 1130 1159 sed
1153 1122 1237 1159 fieri
1269 1133 1345 1159 non
1368 1123 1554 1171 potuisse,

73 1192 167 1241 quin
200 1191 344 1241 scripta
375 1191 481 1229 111100
513 1191 760 1241 Xenophonti
794 1191 832 1229 in
865 1192 1041 1230 notitiam
1070 1193 1237 1241 venerit,
1271 1192 1364 1242 quid
1397 1193 1553 1232 credere

72 1274 142 1300 nos
165 1263 292 1312 cogit?
346 1262 458 1312 Vide,
492 1263 558 1311 010,
591 1275 709 1312 snpra
739 1276 774 1312 p.
803 1263 853 1301 72
871 1275 899 1300 s.
952 1262 1071 1301 Nullo
1094 1263 1213 1313 igitur
1235 1264 1318 1301 iure
1341 1277 1416 1302 non
1440 1265 1554 1302 modo

71 1337 158 1371 ante
188 1333 475 1380 Ilffemorabilia,
509 1333 574 1371 sed
605 1334 720 1371 etiam
751 1337 840 1371 anso
872 1334 1087 1383 Polym-atis
1120 1334 1284 1371 libellum
1309 1335 1552 1384 Apoloye'am,

69 1408 113 1442 ut
134 1404 384 1454 Xenophonti
414 1405 554 1442 ascribi
572 1405 720 1453 poss-sit,
749 1405 971 1454 ponemlcwn
1006 1418 1086 1443 esso
1106 1405 1430 1444 Wilamowitzius
1456 1408 1552 1444 vult.

188 1476 325 1526 Itaque
357 1476 453 1514 haec
484 1488 639 1526 quoque
672 1476 913 1514 ratiocinatio
942 1479 1021 1514 tota
1044 1476 1214 1514 concidit
1234 1489 1305 1515 nec
1327 1477 1551 1528 quidquam,

70 1547 136 1585 ubi
168 1547 323 1597 singula
354 1547 622 1596 excutiuntur,
657 1550 786 1585 manet
818 1546 893 1585 nisi
926 1548 1090 1585 imitatio
1122 1547 1191 1586 illa
1221 1548 1443 1587 Phaedonis
1465 1549 1551 1587 Pla—

69 1618 189 1656 tonici
220 1619 325 1657 nuda
356 1630 478 1668 eaque
509 1618 718 1657 admodum
750 1618 942 1666 ambigna.
977 1668 979 1670 Ι

192 1691 229 1727 3.
260 1689 384 1727 Multo
415 1689 566 1728 futilior
597 1693 728 1727 tamen
759 1701 803 1727 ea
834 1690 931 1727 ratio
964 1694 1038 1737 est,
1072 1702 1148 1739 qna
1180 1691 1292 1728 tertio
1325 1690 1408 1728 1000
1434 1690 1551 1729 Wila-

70 1760 289 1798 mowitzius
322 1761 551 1810 Apologiani
589 1762 830 1810 aggreditur:
875 1762 1030 1810 fabulas
1068 1761 1172 1799 enim
1210 1762 1251 1799 in
1290 1773 1333 1799 ea
1371 1762 1553 1800 odoratur

69 1831 259 1880 quasdam
304 1844 401 1881 quae
438 1835 527 1881 post
572 1832 750 1870 Platonis
794 1833 951 1870 demum
994 1832 1337 1882 Xenophontisque
1382 1836 1553 1882 tempora

62 1903 218 1951 possint
250 1906 354 1941 ortae
386 1915 483 1952 0030,
518 1914 587 1940 0011
619 1906 662 1940 ut
692 1903 829 1941 audias
860 1903 1008 1953 ipsum:
1044 1903 1137 1940 <Die
1160 1903 1341 1952 Apoloqie
1371 1904 1552 1952 >te179tcle'e

67 1973 298 2011 soli-ratiscloe
330 1973 505 2022 Leyende
535 1971 631 2011 ‘iiber
662 1974 774 2012 Plato
806 1974 890 2011 wid
919 1974 1017 2011 aude
1051 1975 1140 2011 iiber
1160 1974 1379 2023 Xenophon
1407 1974 1552 2012 himas

66 2044 324 2093 fortyebddet?
386 2044 676 2094 Cupidissimus
708 2045 784 2082 eris
816 2045 1018 2094 audiendi,
1052 2057 1241 2094 quaenam
1265 2045 1343 2083 sint
1364 2045 1432 2082 illa
1453 2058 1551 2095 quae

67 2114 389 2153 Wilamowitzius
426 2115 598 2165 appellat
629 2111 876 2169 ἀπόκρυφα.
937 2115 1131 2153 Primum:
1173 2116 1260 2154 ‘Sia
1291 2116 1420 2162 weiss,
1460 2117 1551 2154 class

70 2184 250 2225 Sokrates
280 2186 538 2235 Μὶν-0111001101·
573 2199 635 2224 ror
673 2187 824 2225 Gerielet
856 2187 957 2224 hatto
995 2187 1070 2239 (22
1089 2217 1099 2234 ,
1134 2200 1215 2225 was
1246 2187 1551 2224 Ἰ112071111061111·[01

66 2257 150 2295 und
179 2261 253 2295 ersi}
284 2257 329 2295 in
357 2270 462 2307 qauz
493 2261 629 2307 apaten
660 2258 801 2295 Fabeln
832 2258 1101 2296 medei-kelwtss
1161 2259 1213 2296 At
1240 2258 1362 2305 unde,
1395 2270 1550 2308 quaeso,

66 2328 389 2366 Wilamowitzius
422 2329 496 2367 scit
526 2341 662 2367 verum
694 2329 769 2367 1100
800 2341 877 2367 11011
908 2341 1014 2377 0000,
1048 2325 1299 2383 συνηγόρους
1330 2329 1479 2367 Socrati
1510 2330 1550 2366 in

65 2399 215 2437 actione
246 2412 325 2437 non
355 2400 550 2438 adfuisse?
615 2400 759 2449 Optare
792 2401 865 2438 1100
887 2405 964 2447 est,
997 2413 1074 2438 non
1097 2401 1250 2439 docere!
1315 2400 1390 2438 Sed
1412 2401 1550 2438 demus

65 2469 367 2508 Wilamowitzio
399 2471 504 2520 quod
535 2471 778 2520 argumentis
810 2471 930 2508 nullis
961 2471 1090 2508 allatis
1123 2472 1196 2509 sibi
1237 2471 1414 2522 sumitl):
1455 2472 1550 2521 quid

185 2609 218 2652 1)
245 2608 385 2643 Scilicet
402 2619 470 2643 non
488 2609 608 2653 ignoro
627 2619 715 2654 quae
735 2609 804 2644 Cic.
824 2609 925 2643 Tuse.
946 2609 960 2642 Ι
988 2619 1061 2653 cap.
1082 2609 1126 2644 29
1144 2609 1244 2643 dicat.
1285 2608 1352 2643 Sed
1370 2610 1549 2653 pugnante

66 2668 107 2701 de
134 2667 194 2701 tali
220 2678 257 2702 re
284 2668 455 2713 scriptore
482 2668 636 2702 Romano
664 2667 793 2702 saeculi
820 2668 921 2711 primi
949 2679 1027 2701 cum
1049 2668 1180 2702 Graeco
1207 2668 1338 2702 saeculi
1365 2668 1477 2712 quarti
1506 2689 1548 2692 —

64 2737 145 2760 nam
170 2727 275 2761 huius
302 2727 432 2761 saeculi
459 2727 632 2771 Theagem
660 2738 737 2761 esse
765 2726 1060 2761 Wilamowitzius
1086 2726 1179 2770 vult,
1215 2737 1296 2771 ergo
1323 2727 1427 2761 etiam
1455 2728 1547 2771 Apo-

64 2784 189 2830 logiam
210 2807 271 2829 —,
296 2787 374 2820 nter
396 2787 507 2831 inagis
526 2786 705 2820 videbitur
721 2786 788 2820 fide
807 2786 959 2829 dignus?
998 2786 1160 2820 Ceterum
1180 2797 1223 2820 ne
1237 2796 1390 2830 pugnare
1406 2786 1548 2829 quidem

66 2855 124 2879 eos
151 2845 364 2889 putaverim,
392 2856 471 2879 nam
499 2845 619 2880 Cicero
647 2857 727 2879 cum
759 2847 945 2890 patronum
971 2845 1149 2879 Socratem
1183 2845 1399 2889 quaesivisse
1431 2846 1547 2889 negat,

64 2903 156 2937 haud
186 2903 257 2937 seio
284 2915 326 2938 an
354 2915 421 2938 non
449 2906 519 2938 tam
540 2905 764 2949 (rnaJnssjpovg
785 2915 889 2948 quani
912 2905 1149 2949 λογογράφον
1170 2904 1270 2938 dicat.
1311 2903 1364 2939 Cf.
1383 2915 1416 2947 p.
1437 2904 1505 2938 150
1520 2914 1545 2938 s.
