1820 3340
1452 275 1475 312 5
1484 275 1510 312 7>

29 408 106 446 qua
136 394 294 433 tandem
324 393 401 432 alia
432 397 557 432 aetate
588 392 793 431 credamus
825 391 955 441 potius
986 402 1074 429 esse
1111 392 1274 437 factum,
1313 393 1357 427 ut
1394 391 1510 428 verba

30 467 99 504 illa
130 466 308 504 Socrates
340 464 477 502 dicens
508 462 790 501 induceretur?

150 537 186 574 3.
218 535 336 573 Porro
367 534 555 571 librorum
586 534 634 571 ad
667 532 911 570 scribendam
934 531 1164 581 Apologiam
1195 532 1242 568 ab
1264 534 1422 568 auctore
1443 534 1511 568 aut

29 606 292 644 adhibitorum
324 608 393 642 aut
423 616 500 641 non
532 603 792 641 adhibitorum
831 614 880 640 ex
918 601 1165 650 indagatione
1203 601 1308 638 haud
1346 613 1511 650 parvum

29 677 140 715 nobis
170 675 306 714 affluet
336 675 385 712 ad
416 674 618 712 ferendam
649 674 698 711 de
719 673 803 711 eius
825 676 951 710 aetate
975 672 1208 710 sententiam
1229 671 1510 720 adjumentum.

31 746 129 785 Cum
160 746 281 794 igitur
312 745 387 783 duo
420 745 499 782 sint
530 744 715 782 librorum
737 755 896 792 genera,
929 754 1027 792 quae
1048 742 1297 792 potissimum
1328 742 1405 779 huc
1426 753 1511 789 per-

30 818 195 864 tineant,
240 816 488 853 defensiones
525 814 707 852 videlicet
750 816 789 851 et
825 812 1092 850 accusationes
1131 811 1318 858 Socratis,
1356 811 1513 848 illarum

29 888 78 925 ad
109 891 241 924 nostra
270 890 443 935 tempora
463 884 642 934 pervenit
666 895 761 932 opus
783 883 883 920 illud
905 882 1096 930 Platonis,
1128 882 1266 919 harum
1288 881 1514 930 exemplum

31 970 82 995 ex
118 957 232 995 Mem.
261 957 281 994 Ι
310 957 332 994 2
378 960 418 994 et
460 968 510 993 ex
546 954 698 992 Libanii
741 953 932 1003 Apologia
975 964 1250 1002 recuperamus
1294 951 1517 1001 Polycratis

31 1027 198 1065 rhetoris
225 1020 481 1080 κατηγορίαν
501 1020 754 1076 Σωκράτους
784 1024 901 1073 paulo
924 1028 1012 1073 post
1032 1037 1064 1062 a.
1088 1025 1171 1062 393
1196 1022 1454 1072 conscriptam
1467 1022 1493 1071 1)
1504 1035 1515 1071 ;,

151 1177 184 1219 1)
210 1175 405 1219 Polycratis
436 1174 630 1209 calumnias
661 1184 681 1207 a
712 1173 946 1217 Xenophonte
977 1173 1011 1206 in
1038 1172 1325 1207 Memorabilibus
1351 1171 1515 1215 redargui

33 1236 184 1272 Cobetus
211 1234 315 1279 (Nov.
341 1234 436 1268 Leot.
462 1245 494 1277 p.
510 1234 576 1268 661
593 1232 670 1277 ss),
698 1244 718 1267 a
745 1232 889 1266 Libanio
915 1232 948 1265 in
976 1231 1144 1276 Apologia
1162 1231 1364 1265 Dindorfius
1391 1230 1514 1274 (praef.

33 1295 74 1328 ad
102 1295 206 1328 Mem.
235 1294 286 1327 ed.
308 1293 417 1327 Oxon.
445 1304 477 1336 p.
492 1292 634 1335 XXIV)
653 1291 755 1335 primi
774 1292 1030 1335 cognoverunt,
1057 1301 1205 1334 quorum
1226 1290 1417 1324 sententias
1437 1299 1516 1333 per-

33 1353 190 1397 diligenti
216 1351 547 1394 evidentissimaque
573 1350 871 1394 argumentatione
898 1350 977 1393 (nisi
1004 1349 1096 1393 quod
1122 1360 1201 1382 eum
1228 1348 1408 1392 praeteriit
1433 1347 1516 1381 Plu-

33 1412 193 1446 tarchum
220 1421 357 1455 quoque
385 1410 537 1444 Socratis
563 1409 766 1453 Apologiam
793 1408 992 1452 scripsisse,
1020 1418 1106 1452 quae
1133 1408 1224 1442 inter
1249 1408 1364 1441 fontes
1382 1406 1517 1441 Libanii

33 1471 142 1504 fuisse
168 1471 296 1513 potest)
323 1469 540 1503 confirmavit
557 1468 731 1502 Hirzolius
751 1466 979 1511 (Polycrates’
1007 1466 1164 1510 Anklage
1183 1467 1255 1500 und
1273 1465 1407 1510 Lysias'
1426 1466 1518 1499 Ver-

35 1529 216 1573 teidigung
243 1529 305 1562 des
331 1529 506 1569 Socrates,
540 1527 630 1561 Mus.
657 1526 768 1560 Rhen.
799 1526 900 1568 1887,
927 1537 959 1569 p.
974 1525 1042 1559 239
1058 1527 1137 1567 ss.);
1176 1536 1326 1569 eumque
1358 1524 1519 1568 sequitur

36 1587 230 1622 Schanzius
257 1587 290 1620 in
317 1586 551 1630 disputatione
582 1586 624 1619 de
657 1585 771 1619 libello
798 1584 855 1618 illo
888 1584 1084 1628 Polycratis
1117 1584 1256 1627 copiosa
1287 1585 1520 1627 accurataque

36 1646 289 1691 prolegomenis
327 1645 487 1679 editionis
525 1643 623 1688 Apol.
662 1644 750 1678 Plat.
791 1643 1042 1677 commentario
1082 1643 1289 1676 Germanico
1328 1642 1518 1676 instructae

36 1710 81 1749 (p.
96 1704 142 1738 22
156 1705 216 1748 ss.)
234 1705 374 1738 inserta.
418 1703 462 1737 Et
480 1703 630 1737 Cobetns
649 1702 798 1736 dubitari
818 1703 876 1735 vix
895 1704 1009 1746 potest
1035 1701 1117 1745 quin
1144 1712 1226 1735 vera
1250 1701 1425 1743 statuerit,
1454 1701 1519 1734 etsi

36 1764 195 1806 fuerunt,
223 1763 281 1807 qui
307 1762 597 1807 obloquerentur,
624 1761 723 1795 velut
740 1761 1028 1794 Breitenbachius
1054 1761 1138 1804 (vid.
1158 1760 1256 1804 proll.
1277 1760 1328 1794 ed.
1347 1759 1520 1801 Memor.).

37 1822 199 1866 Namque
224 1821 495 1865 Xenophontem
522 1820 780 1854 criminationes
804 1820 896 1862 illas,
923 1830 1011 1863 quae
1028 1820 1134 1853 Mem.
1153 1819 1169 1853 l
1187 1818 1322 1861 2,9-61
1353 1818 1519 1852 refellun-

37 1887 109 1925 tur,
136 1891 181 1914 ex
206 1879 293 1914 libro
318 1880 478 1914 hausisse
504 1881 614 1923 patet,
644 1879 700 1923 qui
726 1879 814 1913 liber
839 1880 899 1912 aut
923 1881 1122 1923 κατηγορία
1154 1877 1261 1911 fuerit
1286 1887 1430 1911 necesse
1455 1881 1521 1919 est,

38 1942 99 1974 aut
125 1940 325 1982 ἀπολογία;
351 1938 448 1983 atqui
474 1938 658 1981 ἀπολογία
687 1948 754 1971 non
781 1939 895 1981 potest
920 1937 1045 1971 fuisse:
1078 1947 1159 1970 nam
1192 1947 1272 1970 cum
1298 1946 1339 1970 ea
1365 1936 1520 1979 crimina,

40 2009 188 2042 quorum
215 1997 251 2030 in
278 1997 329 2031 eis
354 1997 485 2030 mentio
510 1996 630 2040 fiebat,
657 1996 773 2030 omnia
798 1996 902 2030 etiam
930 1995 1039 2029 diluta
1064 2005 1140 2028 esse
1167 1996 1438 2029 consentaneum
1465 1994 1522 2037 sit,

39 2057 122 2101 quid
148 2056 377 2100 Xenophonti
403 2056 601 2089 faciendum
631 2055 910 2098 relinquebatur,
944 2054 999 2088 cui
1026 2054 1177 2098 quantae
1204 2064 1307 2087 curae
1332 2053 1455 2096 fuerit,
1483 2054 1523 2086 ut

40 2126 130 2149 nova
154 2114 362 2158 propriaque
389 2115 513 2148 afferre
538 2113 725 2147 lectoribus
751 2114 928 2155 videatur,
961 2112 1040 2156 plus
1066 2111 1175 2146 semel
1202 2112 1388 2145 videmus‘.>
1431 2112 1522 2155 Ergo

38 2177 260 2219 κατηγορίαν
286 2179 365 2208 ante
391 2173 510 2207 oculos
536 2172 673 2213 habuit3
705 2182 786 2206 oum
812 2175 929 2206 autem
962 2171 1157 2216 Polycratis
1190 2170 1264 2205 sola
1289 2171 1334 2204 sit
1359 2171 1452 2205 edita
1478 2191 1522 2195 —

41 2244 121 2267 nam
149 2239 189 2266 ut
214 2232 300 2266 haec
331 2243 352 2266 a
377 2231 513 2275 multis,
551 2232 599 2266 ita
633 2231 700 2265 alia
731 2242 751 2265 a
781 2230 877 2264 nullo
908 2241 1057 2274 usquam
1090 2234 1385 2264 commemoratur
1411 2250 1454 2253 —
1481 2230 1523 2264 ad

41 2292 129 2326 hane
153 2291 426 2335 Xenophontem
451 2291 661 2334 respondere
688 2301 756 2324 non
782 2289 911 2333 poterit
935 2289 1068 2333 negari.
1107 2289 1216 2323 Porro
1233 2289 1435 2332 κατήγορος
1452 2288 1522 2332 ille,

41 2352 160 2385 contra
184 2361 288 2394 quem
314 2349 347 2382 in
375 2348 483 2393 cap.2
510 2349 680 2393 disputat,
708 2348 795 2382 nihil
821 2349 923 2383 affert
948 2348 1014 2381 nisi
1040 2358 1127 2393 quac
1153 2348 1195 2382 ad
1215 2347 1428 2392 διαφθορὰν
1453 2353 1524 2380 τῶν

41 2411 131 2442 νέων
163 2409 338 2452 spectant3
377 2409 539 2450 ἀσεβείας
571 2409 686 2441 autem
720 2407 754 2440 in
786 2408 869 2441 deos
899 2407 1029 2451 patrios
1062 2406 1194 2440 crimen
1228 2405 1354 2450 quibus
1386 2406 1524 2440 indiciis

41 2468 238 2512 quibusque
264 2467 457 2501 rationibus
483 2466 659 2500 triumviri
690 2465 741 2499 illi
767 2466 880 2499 conati
911 2466 982 2500 sint
1013 2465 1256 2509 comprobare,
1294 2475 1332 2499 se
1364 2465 1527 2508 ignorare

41 2526 239 2570 Xenophon
265 2526 300 2559 in
327 2536 400 2569 cap.
418 2527 435 2559 1
462 2524 658 2559 luculenter
689 2524 870 2568 significat.
921 2524 999 2566 Qua
1030 2535 1067 2558 re
1099 2535 1168 2558 non
1200 2523 1286 2558 illud
1318 2523 1431 2558 solum
1464 2524 1525 2558 do-

43 2595 179 2629 cemur,
206 2585 288 2628 quid
314 2595 438 2627 operae
465 2594 639 2627 curaeque
664 2583 700 2617 in
727 2583 777 2617 eis
803 2584 925 2625 rebus,
959 2593 1049 2627 quae
1081 2583 1125 2616 ad
1155 2583 1312 2626 magistri
1343 2583 1414 2617 fata
1446 2593 1525 2627 per-

42 2643 216 2686 tinebant,
256 2643 439 2687 diligenter
463 2642 685 2685 explorandis
712 2641 968 2685 consumpserit
998 2642 1052 2675 vir
1077 2641 1204 2684 bonus,
1243 2641 1322 2683 sed,
1361 2641 1523 2685 quoniam

42 2702 236 2746 Polycratis
262 2712 401 2746 quoque
427 2702 600 2736 accusatio
625 2711 646 2735 a
669 2700 815 2735 Libanio
840 2699 1041 2744 singillatim
1067 2701 1254 2744 redarguta
1271 2702 1344 2734 tota
1364 2700 1397 2733 in
1417 2699 1528 2734 altero

45 2761 190 2795 crimine
215 2764 391 2803 versatur,
424 2771 555 2794 novum
581 2760 685 2794 etiam
713 2760 858 2794 offertur
882 2761 1128 2803 argumentum
1155 2769 1222 2802 quo
1248 2759 1334 2792 duas
1359 2757 1438 2792 illas
1462 2771 1525 2796 zm

44 2822 215 2864 τηγορίας
239 2830 276 2854 re
302 2830 387 2853 vera
412 2830 516 2853 unam
544 2818 763 2862 eandemque
790 2828 867 2852 esse
885 2818 1122 2852 confirmatur.
1164 2817 1239 2851 Iam
1258 2827 1342 2850 vero
1360 2817 1390 2850 si
1407 2818 1527 2851 tecum

45 2878 281 2922 reputaveris,
308 2888 414 2922 quam
440 2877 577 2921 egregie
603 2887 692 2921 quae
709 2876 802 2911 Xen.
821 2880 856 2911 et
874 2887 962 2921 quae
980 2876 1148 2910 Libanius
1166 2875 1394 2920 suppeditant
1411 2875 1529 2911 omnia

46 2941 82 2971 et
112 2937 205 2971 inter
242 2947 280 2971 se
312 2941 347 2971 et
378 2947 458 2971 cum
490 2937 557 2980 eis,
596 2946 685 2980 quae
722 2938 843 2970 auctor
874 2935 1019 2979 hypoth.
1046 2935 1154 2969 Isocr.
1181 2945 1229 2969 or.
1251 2934 1294 2969 18
1324 2933 1452 2978 aliique
1484 2934 1528 2969 de
