1820 3340
245 221 299 258 32

248 339 372 377 visset
404 368 412 376 .
443 368 450 375 .
479 368 487 376 .
517 367 543 386 .‚
587 337 790 388 respondit
822 367 830 375 .
860 367 867 375 .
899 367 906 375 .
937 338 986 375 .“.
1051 337 1193 376 Contra
1235 337 1278 374 in
1320 337 1434 375 Mem.
1480 339 1626 375 mutato
1668 336 1737 375 illo

245 404 375 458 „gnei
408 403 455 446 δὲ
488 439 495 446 .
521 438 529 446 .
553 408 590 446 .“
624 408 665 445 in
698 403 856 455 ,,αὐτός
888 402 935 445 δὲ
967 408 1069 446 ...“
1092 407 1294 446 vinculum
1326 408 1425 445 illud
1457 407 1737 446 sententiarum

245 479 349 530 quod
377 479 504 517 verbis
537 475 615 526 „sco
646 473 724 528 μὲν
756 480 959 530 πρῶτονιι
993 478 1251 528 praetexitur,
1284 478 1533 526 discinditur,
1565 478 1737 516 inductis

245 550 373 588 tribus
407 549 593 588 subiectis
626 549 862 587 coordinatis
896 549 1038 600 (Socr.,
1067 549 1219 597 Herm,
1249 547 1369 599 Socr.)
1401 548 1597 587 artissima
1628 561 1738 598 para-

245 621 483 670 graphorum
514 621 537 659 3
578 623 617 658 et
655 621 681 658 4
721 620 943 658 coniunctio
983 619 1159 658 diluitur.
1229 619 1388 658 Scilicet
1425 620 1571 658 oblitus
1609 623 1669 658 est
1699 619 1739 657 M

244 691 354 729 illius
403 687 452 729 τὸ
500 685 580 741 μὲν
629 693 806 741 πρῶτον
854 694 1015 740 propter
1058 690 1334 740 interpositum
1378 686 1477 729 ἐπεὶ
1521 685 1569 728 δὲ
1612 685 1740 728 αὐτὸν

246 755 439 815 ἐρέσθαι.
502 762 562 799 Ita
593 774 676 800 rem
709 773 752 799 se
783 761 928 800 habere
960 761 1078 800 etiam
1111 761 1201 799 inde
1234 773 1465 810 cognoscere
1496 761 1603 809 licet,
1637 761 1740 811 quod

246 833 286 870 in
330 833 444 882 Apol.
490 833 637 882 optime
686 832 778 870 inici
834 836 965 882 potest
1014 831 1119 882 quod
1168 832 1401 881 respondeat
1449 832 1499 869 ad
1542 828 1620 879 „sco
1662 827 1740 881 μὲν

246 905 449 956 πρῶτονιι
490 900 567 953 „vo
607 898 654 941 δὲ
692 899 926 955 δεύτερονίι,
972 904 1012 940 in
1049 903 1164 941 Mem.
1202 915 1281 940 non
1324 903 1429 941 item.
1498 902 1636 940 Nonne
1674 902 1740 940 de-

247 974 528 1024 prehendimus
565 973 630 1011 hic
662 986 786 1011 unuin
817 986 867 1012 ex
898 973 979 1011 illis
1011 974 1214 1021 membris,
1253 985 1352 1023 quae
1390 973 1447 1021 id,
1486 972 1598 1010 cuius
1636 976 1740 1020 sunt,

247 1057 387 1095 corpus
420 1057 470 1083 ex
501 1045 578 1083 alia
609 1045 778 1094 quadam
810 1045 933 1083 forma
964 1045 1092 1095 priore
1124 1048 1259 1082 natum
1291 1055 1379 1082 esse
1411 1045 1651 1092 coarguunt?

371 1116 409 1165 5)
443 1116 647 1154 Postremo
679 1127 772 1153 vero
805 1115 837 1153 si
870 1116 988 1154 etiam
1019 1115 1067 1153 ad
1101 1115 1316 1153 sententias
1350 1115 1455 1164 ipsas
1487 1115 1621 1153 oculos
1653 1126 1740 1152 con-

248 1186 457 1235 vertimus,
490 1199 581 1224 cum
612 1186 819 1236 hucusque
841 1186 1171 1236 quemadmodum
1193 1187 1378 1224 formatae
1399 1185 1491 1224 illae
1511 1186 1553 1222 in
1573 1188 1741 1235 utroque

248 1257 346 1295 libro
385 1260 518 1295 essent
549 1259 587 1295 et
619 1257 749 1295 verbis
782 1269 995 1306 expressae
1027 1257 1232 1295 dumtaxat
1269 1256 1596 1306 quaesiverimus,
1634 1255 1740 1293 idem

247 1328 351 1377 quod
382 1328 510 1365 adhuc
542 1339 697 1377 semper
727 1328 793 1365 hic
824 1339 977 1377 quoque
1010 1328 1180 1365 offertur.
1239 1326 1435 1376 Namque,
1468 1326 1660 1376 quomodo
1691 1338 1742 1364 ex

249 1399 445 1436 sententia
476 1401 608 1437 nostra
638 1398 951 1447 exspectandum
983 1400 1083 1436 erat:
1117 1409 1387 1448 quaecumque
1420 1409 1441 1435 e
1478 1409 1520 1435 re
1552 1401 1662 1435 erant
1693 1397 1741 1435 ad

248 1469 597 1508 demonstrandum
636 1469 693 1517 id,
732 1469 838 1519 quod
875 1469 969 1507 huic
1007 1469 1126 1519 capiti
1161 1469 1404 1519 propositum
1442 1471 1519 1516 est,
1553 1465 1742 1521 θεοφιλῆ

248 1540 371 1578 fuisse
405 1539 573 1578 Socratis
606 1544 786 1588 mortem,
820 1552 864 1578 ea
889 1540 1070 1578 videmus
1103 1552 1153 1578 ex
1181 1540 1371 1589 Apologia
1403 1539 1591 1577 translata
1622 1538 1742 1591 (quod

249 1610 354 1649 enim
386 1611 498 1660 Apol.
534 1610 603 1662 §7
638 1623 660 1648 a
691 1611 806 1648 Mem.
839 1611 966 1659 abest,
1005 1623 1082 1648 non
1119 1610 1286 1648 nimium
1317 1610 1561 1648 mirabimur:
1600 1621 1742 1660 nempe

248 1677 383 1720 πλέον
406 1678 537 1735 ἣμισυ
563 1678 729 1728 παντὸς
760 1693 847 1720 esse
879 1681 1116 1730 intellegens
1149 1681 1295 1731 optime
1327 1681 1549 1731 suppressit
1574 1681 1742 1730 puerilia

247 1752 333 1802 illa,
385 1754 527 1802 quibus
573 1753 857 1791 sententiarum
900 1755 1014 1790 antea
1058 1752 1297 1802 prolatarum
1340 1752 1426 1790 fieri
1470 1764 1549 1790 non
1591 1754 1743 1801 poterat

250 1823 345 1873 quin
389 1824 544 1873 pondus
597 1823 870 1862 detraheretur
913 1846 969 1850 -—
1014 1836 1105 1861 nam
1150 1823 1250 1860 nihil
1293 1823 1447 1872 probat,
1498 1823 1624 1871 aiunt,
1675 1823 1742 1872 qui

248 1894 415 1932 nimium
453 1895 590 1944 probat
629 1908 702 1943 —3
750 1898 952 1944 praeterea
995 1897 1127 1932 autem
1171 1894 1266 1932 haec
1310 1905 1386 1931 non
1424 1893 1570 1944 optime
1607 1905 1742 1932 conso-

249 1965 430 2003 nuissent
469 1977 557 2003 cum
596 1965 777 2003 laudibus
817 1965 965 2003 Socrati
1004 1968 1162 2015 propter
1200 1962 1275 2018 τὴν
1313 1969 1387 2017 τῆς
1425 1968 1562 2017 ψυχῆς
1598 1960 1743 2017 ῥώμην

251 2034 275 2086 ξ
299 2037 319 2074 1
345 2036 501 2074 tributis
514 2033 563 2089 1),
586 2048 662 2086 qua
684 2036 844 2086 quidem
866 2048 982 2074 causa
1008 2036 1144 2084 etiam,
1168 2048 1257 2073 cum
1275 2035 1386 2084 Apol.
1411 2034 1461 2086 ἐξ
1486 2035 1552 2073 32.
1577 2036 1630 2073 33
1654 2035 1741 2072 imi-

249 2106 395 2145 tatione
424 2107 682 2156 exprimeret,
704 2107 822 2144 verba
855 2109 968 2156 ,,τῶν
996 2101 1043 2144 δὲ
1071 2102 1275 2144 θανάτων
1296 2108 1371 2144 τοῦ
1393 2100 1550 2158 ῥᾴστου
1573 2099 1741 2155 ἔτυχενιι

249 2176 536 2228 praetermisit).
588 2177 730 2215 Contra
751 2177 964 2227 Apologiae
984 2180 1120 2215 auctor
1145 2177 1179 2214 si
1202 2176 1468 2214 Memorabilia
1488 2176 1741 2226 depeculatus

249 2251 369 2296 esset,
409 2260 499 2286 cum
531 2260 644 2286 omne
677 2260 802 2296 genus
833 2248 1018 2295 rationes,
1057 2247 1199 2297 quibus
1231 2259 1335 2285 mors
1368 2246 1516 2285 Socrati
1547 2259 1742 2285 commen-

250 2319 424 2367 daretur,
465 2319 713 2368 conquireret
750 2331 867 2368 quam
904 2318 1111 2368 plurimas,
1163 2330 1266 2367 eam,
1311 2330 1410 2368 quae
1452 2317 1624 2367 primum
1659 2317 1742 2355 illic

249 2389 379 2427 locum
418 2389 582 2427 obtinet:
629 2386 726 2439 „c‘y'u
764 2386 898 2436 οὕτως
936 2384 1015 2443 ἤδη
1053 2385 1150 2428 τότε
1186 2385 1338 2441 πόρρω
1377 2392 1452 2441 τῆς
1488 2381 1659 2442 ἡλικίας
1695 2382 1743 2442 ἧν

251 2457 379 2510 ὥστε,
414 2453 452 2498 εἰ
477 2455 551 2498 καὶ
576 2457 635 2513 μὴ
666 2456 782 2507 τότε,
816 2455 893 2499 οὖν,
925 2456 976 2497 ἂν
1006 2456 1157 2511 πολλῷ
1189 2456 1362 2511 ὕστερον
1392 2455 1637 2512 τελευτῆσαι
1668 2455 1742 2497 τὸν

250 2524 385 2581 βίονίί,
418 2542 488 2568 cur
519 2525 658 2577 α’ύῖως
687 2531 947 2581 relinqueret,
979 2542 1097 2569 causa
1128 2530 1235 2568 nulla
1268 2530 1402 2579 eram)

373 2658 407 2701 1)
433 2657 483 2691 Ut
508 2658 604 2691 recte
631 2657 753 2692 statuit
778 2657 895 2701 Lange
923 2657 999 2701 (1.1.
1026 2668 1059 2701 p.
1079 2657 1148 2701 33).

371 2715 408 2760 2)
434 2715 559 2760 Neque
586 2716 697 2760 magis
723 2726 864 2750 causam
890 2715 1082 2760 perspicio,
1109 2726 1171 2749 cur
1196 2715 1408 2750 sententiam
1433 2713 1530 2749 illam
1548 2714 1647 2759 quasi
1665 2715 1741 2748 cote

252 2776 438 2809 exacutam
472 2775 578 2821 „Quoi
612 2775 649 2808 δὲ
684 2778 722 2808 τί
752 2776 901 2820 αἰσχρὸν
932 2775 972 2808 τὸ
1006 2775 1148 2820 ἑτέρους
1178 2775 1231 2820 μὴ
1259 2773 1443 2807 δύνασθαι
1470 2775 1552 2818 περὶ
1578 2773 1673 2819 ἐμοῦ
1696 2773 1740 2806 τὰ

253 2833 375 2867 δίκαια
400 2835 492 2880 μήτε
519 2841 656 2878 γνῶναι
681 2835 773 2880 μήτε
795 2836 971 2877 ποιῆσαια
1001 2834 1119 2877 (Mem.
1147 2832 1218 2877 ξθ)
1246 2833 1462 2867 obtunsurus
1488 2832 1613 2877 fuerit,
1641 2842 1739 2877 prae-

252 2892 373 2927 sertim
401 2903 480 2927 cum
507 2892 591 2928 talia
618 2893 900 2939 ἀποφθέγματα
929 2903 1010 2928 eum
1036 2893 1072 2926 in
1094 2892 1227 2927 deliciis
1246 2892 1374 2926 habere
1394 2891 1592 2935 videamus3
1619 2892 1740 2926 contra
