1820 3340
222 214 275 251 80

220 330 362 380 quibus
396 341 437 368 se
470 341 546 367 non
578 329 619 366 in
647 329 843 378 judicium
883 328 931 366 de
970 327 1057 365 odio
1096 328 1273 378 populari
1311 329 1570 366 adducturum
1610 340 1707 375 esse,

220 401 286 438 scd
320 403 464 447 κακῶς
495 396 695 453 ποιήσειν
728 399 925 437 Socratem
959 399 1146 446 minatur,
1180 399 1202 435 i.
1226 411 1259 436 e.
1292 399 1480 448 privatam
1510 402 1707 437 contume-

219 471 310 509 liam
343 483 419 508 non
452 470 620 507 inultum
654 481 888 519 quacunque
920 469 983 506 via
1015 481 1241 518 passurum,
1275 472 1314 507 et
1335 469 1373 506 id
1397 469 1501 519 quod
1529 468 1708 507 Socrates

221 536 342 579 οὐδὲν
375 536 614 590 θαυμάζειν
646 552 688 578 se
722 540 835 577 dicit:
869 552 959 576 nam
992 539 1025 577 si
1057 540 1207 577 nullam
1229 540 1343 577 aliam
1377 541 1424 577 ob
1446 551 1530 577 rem
1552 541 1708 588 Anytus

219 612 314 650 adeo
346 612 467 649 iratus
499 614 618 658 esset,
650 611 725 649 nisi
758 610 849 660 quia
882 610 1059 648 Socrates
1092 611 1295 648 hominum
1327 611 1374 648 de
1407 610 1532 660 patria
1563 610 1709 659 optime

220 683 448 720 moritorum
481 682 573 719 filiis
606 693 774 731 nequam
807 681 1001 731 exemplis
1033 693 1131 718 usus
1162 685 1281 729 esset,
1314 693 1443 719 nonne
1465 681 1538 719 hoc
1566 680 1708 718 mirum

223 765 472 803 summopere
504 753 670 790 fuisset?

338 824 475 873 Itaque
506 824 685 861 accurata
716 823 895 861 Menonis
928 822 1250 871 interpretatione
1280 822 1329 860 ad
1361 822 1466 860 idem
1511 834 1582 860 nos
1621 834 1708 871 per-

220 894 311 932 duci
343 895 524 940 arbitror,
558 893 661 944 quod
694 893 862 931 traditur
892 893 933 930 in
968 892 1167 942 Apologia.
1229 892 1311 931 Nec
1333 897 1463 930 tamen
1495 892 1535 929 id
1568 904 1618 930 ex
1639 892 1709 930 illo

219 964 303 1003 loco
334 965 544 1003 confictum
576 976 662 1003 esse
691 976 805 1014 posse
833 964 967 1002 credo:
1001 963 1342 1011 grammaticorum
1367 963 1470 1001 enim
1493 966 1707 1001 commenta

219 1035 343 1073 multo
376 1036 593 1074 inficetiora
625 1038 664 1073 et
694 1035 742 1072 ad
775 1034 1093 1084 perspiciendum
1124 1034 1298 1072 faciliora
1328 1045 1417 1072 esse
1448 1034 1584 1072 solent.

338 1107 394 1144 Ea
425 1106 552 1144 omnia
585 1109 732 1155 autem,
765 1118 864 1155 quae
895 1105 951 1143 ita
983 1105 1030 1143 de
1062 1105 1138 1143 fide
1169 1105 1383 1154 Apologiae
1404 1104 1571 1142 dicenda
1602 1104 1707 1142 vide·

220 1177 376 1225 bantur,
415 1177 612 1215 neminem
651 1179 746 1225 puto
783 1187 871 1214 esse
910 1176 1199 1225 perturbatura,
1237 1175 1314 1213 nisi
1354 1175 1422 1225 qui
1461 1175 1709 1224 opinionibus

220 1248 269 1285 dc
302 1248 560 1297 Xenophonte
592 1246 867 1296 praejudicatis
899 1245 1067 1283 ducitur.

330 1398 354 1453 ξ
387 1399 431 1441 8.
485 1398 584 1456 Qua
615 1397 802 1440 ratmne
835 1396 1063 1451 Apologia
1096 1397 1208 1439 nata
1241 1408 1340 1439 csse
1372 1396 1609 1440 videatur.

339 1495 551 1544 Postquam
582 1494 703 1543 igitur
734 1494 792 1532 eis
825 1493 1021 1542 omnibus,
1055 1504 1154 1542 quae
1185 1493 1314 1530 adhuc
1336 1493 1530 1542 persecuti
1563 1505 1710 1540 sumus,

220 1578 264 1604 eo
296 1565 463 1603 adducta
495 1577 558 1603 res
590 1569 668 1612 est,
700 1564 808 1601 nulla
829 1567 874 1601 ut
895 1567 1032 1610 restet,
1065 1567 1255 1613 quantum
1277 1575 1349 1612 ego
1371 1563 1513 1612 sentio,
1545 1563 1710 1602 facultas

220 1635 440 1683 dubitandi,
464 1636 559 1685 quin
583 1635 634 1673 sit
648 1635 838 1684 Apologia
860 1634 1075 1682 referenda,
1097 1634 1159 1671 vel
1182 1634 1312 1683 potius
1332 1634 1590 1683 relinquenda
1608 1634 1711 1672 inter

220 1707 524 1757 Xenophonteas
555 1707 723 1754 litteras,
756 1707 840 1755 jam
872 1705 1054 1743 ultimum
1087 1706 1127 1743 id
1160 1705 1433 1755 consequitur,
1472 1709 1517 1743 ut
1548 1705 1711 1743 definire

221 1790 422 1829 conemur,
455 1778 522 1828 qui
554 1778 590 1815 ei
622 1777 726 1814 inter
757 1777 845 1814 illas
877 1776 988 1814 locus
1020 1776 1201 1814 videatur
1232 1776 1511 1825 assignan-dus
1543 1788 1638 1814 esse.

339 1849 401 1886 Ex
431 1849 488 1887 eis
520 1848 644 1895 enim,
677 1859 777 1897 quae
799 1847 990 1896 proximis
1011 1846 1266 1896 paragraphis
1298 1846 1606 1896 disputavimus,
1638 1847 1712 1884 hac

221 1920 304 1958 fere
336 1919 485 1957 ratione
516 1919 748 1968 Apologiam
781 1922 912 1955 natam
943 1929 1031 1955 esse
1064 1917 1255 1967 suspicari
1286 1917 1388 1956 licet.
1445 1917 1710 1967 Xenophonti,

222 2003 311 2028 cum
342 1990 527 2028 rediisset
559 2001 613 2027 ex
644 1989 755 2037 Asia,
794 1988 900 2025 haud
938 1988 991 2026 ita
1030 1988 1200 2026 multum
1237 1988 1307 2026 otii
1345 1988 1469 2026 fuisse
1505 1988 1554 2025 ad
1591 1987 1710 2026 libros

220 2061 517 2110 philosophicos
550 2060 613 2097 vel
645 2059 831 2107 legendos
862 2059 928 2096 vel
960 2059 1259 2096 conscribendos
1297 2062 1601 2096 consentaneum
1639 2061 1711 2105 est,

224 2132 421 2181 siquidem
453 2130 629 2180 Agesilai
668 2142 798 2168 comes
836 2130 966 2167 fidelis
1004 2129 1380 2179 expeditionumque
1418 2129 1547 2167 socius
1584 2128 1710 2167 fuisse

221 2214 291 2252 per
334 2202 534 2251 proximos
572 2213 695 2238 annos
733 2199 932 2250 videtur.1)
1000 2200 1125 2237 Immo
1172 2201 1290 2238 rebus
1337 2200 1489 2237 bellicis
1533 2211 1622 2237 eum
1669 2211 1711 2237 se

221 2277 348 2310 totum
371 2273 526 2310 dedisse
548 2271 702 2319 credas,
735 2283 812 2320 qua
839 2282 929 2308 011111
951 2270 1132 2320 opinione
1155 2270 1351 2319 praeclare
1374 2270 1573 2319 convenit,
1606 2270 1710 2320 quod

222 2355 311 2381 eum
362 2343 411 2380 ad
463 2342 654 2380 bellorum
703 2340 929 2378 memoriam
981 2340 1302 2378 conscribendam
1351 2340 1522 2390 primum
1565 2340 1710 2378 adiisse

221 2412 515 2461 Dittenbergeri
548 2411 704 2462 opera2)
737 2414 899 2449 constat.
963 2410 1063 2448 Cum
1094 2411 1253 2448 tandem
1284 2423 1317 2448 a.
1342 2412 1438 2459 387,
1470 2414 1515 2449 ut
1545 2411 1710 2460 videtur,

223 2483 415 2522 Scillunte
446 2483 691 2521 consedisset
727 2481 769 2518 in
801 2481 958 2531 praedio
995 2494 1018 2519 a
1054 2482 1373 2520 Lacedaemoniis
1410 2482 1566 2527 donato,
1604 2484 1710 2531 post-

222 2567 339 2604 quam
371 2554 542 2603 primum
575 2556 730 2602 tempus
761 2552 802 2589 in
834 2552 1076 2590 instituenda
1107 2553 1220 2590 domo
1252 2552 1494 2601 consumpsit
1522 2564 1568 2590 ao
1598 2551 1709 2590 fami-

221 2624 372 2662 liariter
404 2625 443 2661 in
475 2623 723 2674 possessione
755 2634 826 2660 sua
857 2634 946 2660 esse
976 2622 1104 2672 coepit
1136 2622 1293 2672 otioque
1323 2622 1418 2671 frui,
1448 2622 1527 2672 jam
1554 2622 1603 2660 ad
1623 2622 1709 2672 phi-

222 2695 437 2744 losophiam
494 2706 536 2732 se
589 2692 830 2732 convertisse
882 2692 1262 2743 Socraticorumque,
1312 2693 1337 2731 i.
1378 2705 1410 2731 e.
1462 2692 1708 2741 Cynicorum,

342 2822 377 2865 1)
404 2820 458 2856 Cf.
485 2820 651 2864 Roquett.
677 2818 699 2852 1.
715 2817 736 2852 l.
763 2829 796 2862 p.
811 2817 868 2852 21.

341 2879 378 2924 2)
403 2880 524 2914 Herm.
544 2879 645 2922 XVI,
664 2877 730 2913 321
747 2886 794 2911 ss.
