1820 3340
1442 267 1523 303 115

43 381 252 430 ambigitur
282 380 384 417 inter
404 380 539 418 doctos
571 392 642 418 nec
665 379 759 417 satis
781 382 932 418 constat
955 391 1053 429 quae
1085 380 1170 429 ejus
1202 380 1301 418 ratio
1323 393 1411 419 cum
1435 394 1526 420 vera

45 451 211 490 Socratis
233 450 461 488 defensione
484 450 551 500 sit3
585 453 755 488 ceterum
779 450 826 488 cf.
849 462 885 499 p.
912 451 963 488 68
980 462 1031 488 ss.
1093 450 1211 488 Porro
1244 463 1341 500 quae
1372 452 1414 489 in
1445 464 1526 489 car-

43 533 120 559 cere
150 533 174 558 a
207 520 359 558 Socrate
390 520 489 557 dicta
520 523 662 567 essent,
702 520 913 558 admodum
944 520 1174 558 inconcinne
1204 524 1293 558 ante
1324 533 1388 568 ea,
1429 535 1526 571 quae

42 592 86 628 in
116 590 203 639 ipsa
233 590 398 637 actione,
431 590 570 638 referri
601 590 785 640 queritur.
849 589 1001 637 Quanta
1032 591 1214 629 offensio!

161 661 225 698 21.
258 660 351 706 Eis,
385 672 480 710 quae
511 660 579 697 illa
609 660 882 709 insequantur,
921 661 1079 709 repetita
1110 665 1143 698 et
1180 661 1341 699 dilatata
1372 665 1526 700 tantum

41 731 207 768 exhiberi
237 743 332 780 quae
355 743 428 779 per
450 734 568 768 totam
590 730 820 779 Apoloyiazn
852 734 1012 768 tractata
1032 731 1132 777 sint,
1166 744 1210 768 ac
1241 735 1361 769 totam
1391 732 1525 781 dispu-

43 801 222 838 tationem
257 800 514 849 ‘tautoloyiis,
546 804 591 837 ut
611 801 742 847 aiunt7
773 801 963 850 plurimis
985 813 1225 850 quamquam
1256 814 1280 838 a
1301 814 1341 839 re
1368 802 1526 840 alienis-

41 871 156 908 simis
186 870 345 920 impleta
374 870 507 908 cerni’.
561 869 671 917 Quod
695 870 913 908 convicium
937 883 1013 920 quo
1035 871 1118 908 iure
1141 871 1354 920 Apologiae
1376 873 1525 911 auctori

42 941 123 990 fiat,
160 943 331 990 apparet.
401 941 602 978 Praeterea
638 944 768 978 autem
805 941 1029 989 scriptorem
1066 953 1199 978 rerum
1236 954 1275 979 se
1313 942 1525 980 admodum

42 1012 225 1059 iqnarum
252 1011 448 1060 praebere,
481 1011 674 1060 siquidem
704 1012 733 1060 ἕ
757 1012 814 1048 25
848 1011 1042 1048 Socratem
1073 1015 1180 1060 neyet
1210 1012 1391 1050 criminis
1421 1014 1526 1062 capi-

43 1081 131 1119 talis
161 1085 385 1119 accusatam
416 1093 513 1128 esse,
553 1094 639 1118 cum
675 1076 852 1132 ἀσέβεια
883 1082 1108 1130 saepissime
1139 1085 1260 1120 morte
1284 1083 1431 1131 punita
1462 1083 1523 1121 sit.

40 1136 101 1190 Ex
123 1151 259 1190 calami
280 1151 401 1201 igitur
432 1155 475 1189 ut
496 1151 550 1189 ita
582 1151 708 1189 dicam
739 1151 853 1201 lapsu
879 1152 1042 1201 parvulo
1065 1175 1118 1179 -—
1144 1152 1396 1191 scribendum
1420 1153 1525 1191 enim

41 1225 122 1260 erat
160 1217 227 1274 ἐφ’
265 1212 329 1268 οἷς
366 1234 411 1273 γε
447 1219 528 1275 μὴν
566 1217 713 1268 ἄλλοις
749 1215 903 1274 ἔργοις
950 1223 1017 1260 sed
1060 1223 1238 1272 pergitur
1280 1223 1391 1273 quasi
1430 1224 1526 1262 haec

40 1292 289 1331 antecedant:
318 1291 455 1341 „Quae
476 1292 596 1341 igitur
616 1292 785 1341 institui,
808 1304 854 1330 ea
875 1295 999 1330 morte
1020 1305 1096 1330 non
1119 1305 1207 1331 esse
1229 1293 1346 1342 digna
1368 1294 1525 1332 demon-

41 1363 190 1400 stravff‘
221 1385 274 1389 —-
308 1374 357 1400 ex
390 1362 580 1400 sermonis
612 1362 734 1410 igitur
764 1363 904 1400 mendo
936 1363 1137 1400 levissimo
1168 1364 1445 1412 gravissimum
1477 1365 1526 1403 de

40 1433 156 1470 rebus
188 1445 352 1470 errorem
385 1444 550 1470 acumen
581 1432 674 1470 facit
705 1433 958 1481 accusatoris,
996 1436 1035 1471 et
1067 1434 1227 1483 quidem
1258 1434 1393 1482 talem,
1433 1447 1525 1484 qua-

40 1503 116 1541 lem
153 1502 299 1541 auctori
337 1502 568 1552 Apologiae‚
613 1503 848 1552 quicumque
886 1503 961 1541 fuit
999 1515 1147 1552 rerum,
1184 1504 1369 1554 imputari
1408 1517 1524 1554 posse

40 1585 241 1623 nunquam
272 1573 462 1610 crederes.
524 1573 653 1622 Atque
679 1573 747 1610 vix
778 1573 908 1611 minus
943 1574 1042 1612 bella
1073 1586 1118 1612 ea
1150 1578 1242 1611 sunt
1274 1575 1418 1624 quibus
1449 1576 1525 1614 ista

40 1643 306 1693 excipiuntur:
339 1643 572 1681 veliementer
603 1656 729 1681 errare
760 1643 958 1681 homine-m
989 1648 1101 1693 atque
1132 1645 1248 1682 etiam
1279 1658 1365 1683 cum
1393 1646 1524 1684 Xeno-

32 1712 180 1764 phonte
203 1726 383 1763 pil-qnare
409 1726 496 1751 cum
529 1713 629 1751 dicat
653 1713 848 1752 Socratem
878 1710 1050 1761 πόλεως,
1080 1709 1322 1767 προδοσίας
1352 1716 1524 1754 insimu-

41 1785 161 1822 latum
193 1797 275 1822 non
305 1797 402 1831 esse,
441 1797 530 1822 cum
565 1784 758 1822 Socratem
790 1785 1023 1822 damnatum
1052 1789 1257 1834 propterea
1289 1798 1384 1833 esse,
1424 1787 1527 1836 quod

41 1855 212 1893 doctrina
249 1855 334 1892 eius
378 1855 429 1892 ad
464 1855 653 1892 civitatem
692 1854 992 1892 Atheniensium
1030 1856 1268 1893 evertendam
1306 1857 1525 1905 plurimum

40 1925 194 1972 valeret,
218 1938 306 1963 cum
328 1926 373 1962 ab
395 1925 579 1962 omnibus
601 1929 685 1962 tum
706 1937 730 1962 a
750 1925 1004 1974 Xenophonte
1027 1926 1153 1974 (Iidem.
1169 1926 1196 1963 Ι
1213 1927 1252 1973 2,
1273 1927 1308 1974 9)
1338 1927 1522 1965 tradatur.

41 1995 164 2043 Quam
194 1996 361 2034 feliciter
392 1996 533 2034 accidit
565 1995 669 2046 quod
706 1995 769 2033 hic
800 1999 878 2033 tam
910 1996 1133 2034 indefessus
1164 1996 1398 2045 flagitiorum
1432 1997 1524 2035 odo-

39 2070 140 2104 rator
182 2066 305 2104 ecdici
349 2078 511 2105 munere
554 2079 629 2104 non
668 2067 920 2115 fungebatur:
966 2079 1055 2104 nam
1100 2067 1184 2105 sine
1228 2067 1345 2105 dubio
1389 2080 1525 2106 omnes

38 2137 248 2176 invidiosos
280 2137 386 2176 necis
417 2137 679 2176 accusavisset
709 2149 760 2175 ex
792 2137 937 2175 Christi
968 2138 1072 2187 apud
1104 2137 1240 2176 Matth.
1265 2140 1302 2186 5,
1323 2146 1413 2180 21s.
1437 2151 1524 2176 sen-

40 2208 170 2245 tentia.

159 2279 223 2316 22.
261 2278 335 2316 Sed
365 2279 482 2316 etiam
503 2279 704 2316 verborum
735 2279 779 2316 in
801 2279 911 2327 Apol.
936 2280 992 2316 25
1012 2278 1148 2327 inopia
1181 2283 1404 2328 comparata
1434 2292 1524 2317 cum

40 2348 310 2398 Xenophontis
323 2349 369 2386 in
382 2349 495 2387 Mem.
505 2349 531 2386 I
541 2350 580 2396 2,
593 2357 644 2390 62
657 2349 767 2398 copia
783 2349 1042 2386 demonstrari
1054 2349 1100 2386 ab
1114 2349 1239 2387 eodem
1254 2354 1418 2399 utraque
1429 2362 1524 2399 pro—

37 2420 135 2467 fecta
156 2431 235 2456 esse
256 2431 338 2456 non
352 2431 492 2468 posse;
513 2432 607 2456 nam
627 2419 823 2468 ‘ineptum
844 2431 924 2456 esse
945 2419 1102 2456 uberius
1123 2420 1236 2457 illum
1258 2432 1341 2458 rem
1362 2421 1523 2458 eandem

1 2516 3 2546 7
40 2493 235 2535 tractasse,
268 2489 336 2526 ubi
361 2489 501 2527 exilius
533 2493 627 2527 esset
649 2490 865 2536 tractanda,
899 2493 1009 2538 atque
1035 2490 1194 2537 emilius,
1229 2491 1295 2528 ubi
1315 2491 1524 2528 ubertatem

2 2550 3 2557 ἵ
39 2559 288 2608 6ῙῙΙα9ἱίαν6ἰ.’
341 2559 391 2596 In
430 2560 459 2608 ,ξ
483 2561 539 2597 26
574 2560 684 2597 verba
722 2555 811 2596 ἀλλ’
845 2555 942 2597 οὐδὲ
978 2555 1124 2609 μέντοι
1157 2557 1246 2597 κτλ.
1279 2564 1370 2609 post
1409 2561 1438 2609 ᾗ·
1468 2562 1523 2598 24

0 2615 2 2634 ³
39 2630 188 2678 ineptas
220 2629 452 2678 tautologyias
490 2642 579 2667 esse.
632 2630 750 2667 Verba
781 2625 828 2667 οὗ
860 2627 938 2681 γὰρ
971 2624 1084 2679 ἐμοί,
1125 2625 1233 2667 ἀλλὰ
1264 2630 1355 2677 τοῖς
1386 2643 1521 2668 κατα-

42 2703 183 2750 γνοῦσι
216 2703 339 2738 τοῦτο
372 2693 543 2752 αἰσχρόν
574 2700 611 2737 ei
642 2699 851 2749 displicent
883 2700 985 2749 quod
1025 2701 1160 2749 ‘quasi
1182 2713 1255 2749 per
1286 2701 1523 2738 occasionem

9 2780 12 2787 ’
39 2770 258 2808 brevissime
279 2771 451 2820 prolata’
477 2771 558 2808 sint
565 2800 576 2817 ,
609 2783 697 2807 cum
720 2770 849 2808 eadem
880 2771 1002 2808 multo
1035 2771 1234 2808 ornatiora
1255 2775 1287 2808 et
1308 2771 1523 2819 copiosiora

39 2841 151 2878 Mem.
180 2840 206 2878 I
210 2840 246 2877 V
268 2842 311 2887 8,
342 2849 440 2882 9.10
481 2840 745 2877 inveniantur.
817 2840 987 2877 Socratis
1030 2840 1191 2888 denique
1234 2840 1278 2877 dc
1319 2840 1523 2878 Palamede

38 2911 146 2948 verba
172 2910 513 2960 amplificationem
539 2911 650 2948 illius
680 2911 723 2947 in
749 2910 1063 2948 Memorabilibus
1088 2911 1297 2948 sententiae
1321 2923 1415 2957 esse,
1447 2910 1522 2948 im-

1260 2989 1310 3024 8*
