1820 3340
230 248 283 287 60

233 360 307 416 »οὐ
339 361 417 418 γὰρ
450 361 564 403 δοκῶ
597 375 686 413 σοι,
720 358 754 402 ὦ
786 361 1027 416 Σώκρατες,
1062 360 1170 402 αὐτὰ
1202 368 1335 403 ταῦτα
1360 362 1571 404 διατελεῖν
1590 363 1719 416 μελε-

228 438 323 486 τῶν,
357 431 681 487 ἀπολογεῖσθαι
712 429 802 485 μέν,
837 431 905 473 ὅτι
938 429 1089 473 οὐδένα
1122 430 1278 484 ἀδικῶ,
1312 429 1357 474 εὖ
1388 431 1435 474 δὲ
1460 439 1580 475 ποιῶ
1602 433 1717 476 πολ-

226 503 323 552 λοὺς,
356 502 456 544 ὅσον
487 502 538 543 ἂν
570 502 780 555 δύνωμαι,
829 505 1078 559 κατηγορεῖν
1117 500 1163 543 δὲ
1200 501 1248 544 οὐ
1286 503 1399 545 δοκῶ
1438 518 1507 546 σοι
1538 504 1718 557 μελετᾶν

228 572 490 629 ἀνθρώπιον,
525 571 778 623 ἀδικοῦντας
809 571 886 626 μὲν
925 572 1000 614 καὶ
1031 570 1123 630 ἰδίᾳ
1154 573 1343 624 πολλοὺς
1375 573 1449 615 καὶ
1479 575 1555 631 τὴν
1584 574 1721 617 πόλιν

228 643 575 697 καταμανθάνων
625 643 762 695 τινάς,
815 640 861 685 εὖ
911 642 958 684 δὲ
1001 650 1236 694 ποιοῦντας
1280 643 1478 698 οὐδένα“;
1531 649 1600 686 sed
1643 649 1719 687 hoc

227 718 374 756 dictum
407 730 495 756 cum
517 717 647 767 aptius
678 717 719 754 in
740 717 933 766 Apologia
964 718 1194 755 adhibeatur
1226 731 1342 768 quam
1372 718 1413 756 in
1446 717 1717 767 Oeconomico,

226 789 367 827 iterum
399 801 478 826 non
509 793 591 827 tam
622 788 828 826 transiisse
860 789 901 826 in
933 788 1042 826 iilam
1075 800 1126 826 ex
1156 789 1231 826 hoc
1258 789 1566 827 existimaverim
1599 802 1716 839 quam

227 855 501 912 ἀπόφθεγμα
534 859 673 907 fuisse,
719 859 826 908 quod
864 871 937 908 per
974 871 1040 896 ora
1078 859 1280 897 hominum
1319 860 1405 909 ejus
1443 861 1583 898 aetatis
1614 860 1717 898 fere-

228 931 349 968 batur.
411 930 559 968 Eadem
591 930 740 968 ratione
773 930 943 980 denique
976 929 1108 967 nescio
1139 942 1188 967 an
1222 930 1272 968 sit
1304 930 1614 980 explanandum,
1645 943 1721 969 cur

226 1001 440 1050 Apologiae
476 1001 578 1038 iliud
623 995 696 1050 „zi
727 1004 871 1048 τοῦτο,
917 995 942 1054 ἦ
974 996 1071 1052 ἄρτι
1105 997 1327 1052 δακρύετε;
1371 996 1418 1039 οὗ
1456 998 1534 1053 γὰρ
1571 997 1716 1040 πάλαι

228 1064 336 1122 ἴστε,
371 1068 438 1110 ὅτι
472 1066 517 1118 ἐξ
546 1068 734 1124 ὅτουπερ
767 1067 967 1125 ἐγενόμην
1006 1067 1386 1126 κατεψηφισμένος
1424 1066 1471 1125 ἦν
1507 1084 1590 1122 μου
1627 1068 1717 1110 ὑπὸ

227 1147 300 1195 ’τῆς
332 1138 501 1194 φύσεως
532 1139 554 1181 ὁ
588 1139 829 1192 θάνατ·ος;“
868 1142 1031 1180 totidem
1062 1143 1144 1180 sere
1177 1143 1306 1180 verbis
1338 1146 1515 1181 occurrat
1545 1143 1586 1180 in
1618 1141 1715 1181 Gor-

225 1213 311 1262 giae
342 1213 553 1251 Palamede
587 1212 626 1264 (§
654 1212 709 1263 1):
756 1208 979 1261 ηθάνατον
1015 1208 1093 1262 μὲν
1132 1210 1210 1264 γὰρ
1249 1210 1273 1266 ἡ
1312 1209 1438 1264 φύσις
1469 1213 1632 1266 φανερᾷ
1663 1214 1716 1267 τῇ,

230 1280 362 1337 Ψήφῳ
394 1279 571 1321 πάντων
604 1277 936 1338 κατεψηφίσατο
974 1286 1059 1321 τῶν
1098 1282 1270 1338 θνητῶν
1301 1273 1412 1338 ᾗπερ
1451 1279 1585 1338 ἡμέρᾳ
1624 1279 1716 1336 ἐγέ-

225 1355 382 1393 νοντο.“

344 1450 381 1486 4.
432 1449 635 1487 Postremo
679 1449 951 1487 testimonium
994 1449 1184 1487 habemus
1234 1449 1283 1487 de
1326 1451 1455 1487 aetate
1498 1449 1718 1498 Apologia&

225 1520 584 1569 locupletissimum
616 1520 790 1557 omnium
822 1519 947 1568 ipsius
985 1519 1161 1557 habitum
1198 1524 1316 1569 atque
1355 1520 1465 1569 quasi
1502 1519 1717 1568 ingenium.

224 1590 419 1628 Nimirum
452 1602 550 1640 quae
581 1591 710 1628 animo
742 1590 910 1628 auctoris
942 1591 1171 1628 obversatur
1202 1591 1329 1639 imago
1367 1594 1407 1628 et
1443 1590 1613 1638 cognitio
1646 1591 1715 1629 So-

224 1661 342 1700 cratis
374 1673 418 1699 ea
449 1665 526 1712 est,
565 1673 665 1711 quae
696 1661 764 1698 alii
800 1661 915 1699 aetati
955 1664 1071 1711 atque
1109 1661 1395 1700 Socraticorum
1433 1661 1610 1710 ipsorum
1646 1662 1715 1699 vix

225 1732 351 1781 possit
381 1731 584 1780 assignari.
646 1731 734 1770 Non
766 1731 872 1770 enim
904 1733 951 1769 ab
983 1732 1094 1769 initio
1125 1732 1306 1769 audimus
1340 1732 1537 1770 Socratem
1576 1736 1713 1770 contu-

224 1803 324 1840 maci
362 1803 531 1852 fortique
568 1803 698 1840 animo
735 1803 994 1840 constitutum
1031 1802 1215 1840 habuisse
1251 1802 1426 1852 periculo
1463 1815 1541 1840 non
1578 1803 1716 1841 cedere

226 1873 466 1920 imminenti,
499 1873 569 1911 sed
602 1868 784 1927 ζητητέα
816 1864 925 1911 εἶναι
960 1867 1007 1911 ἐκ
1039 1870 1203 1919 παντὸς
1234 1869 1398 1925 τρόπον
1428 1870 1483 1910 τὰ
1515 1869 1714 1926 ἀποφευ-

226 1941 354 1982 κτικὰ
397 1943 665 1994 opinanteml)
715 1944 910 1993 quomodo
961 1945 1134 1993 effugere
1177 1944 1540 1982 condemnationem
1582 1948 1715 1994 posset

224 2015 460 2064 cogitavisse
492 2027 536 2052 ac
567 2015 628 2052 bis
660 2015 818 2053 demum
849 2028 872 2052 a
903 2015 980 2052 diis
1012 2018 1236 2052 revocatum
1274 2015 1321 2052 ab
1358 2015 1427 2052 illa
1465 2015 1717 2054 meditatione

224 2085 434 2123 destitisse.
497 2085 606 2123 Talia
638 2089 682 2123 ut
713 2086 971 2133 confingeret,
1003 2085 1314 2134 amplificaturus
1347 2085 1497 2123 scilicet
1528 2086 1600 2123 viri
1632 2087 1713 2135 glo-

224 2157 337 2203 riam⁷
369 2157 477 2194 eccui
510 2156 825 2194 existimabimus
869 2156 992 2194 fuisse
1028 2156 1069 2193 in
1107 2160 1278 2193 mentem
1315 2160 1529 2194 venturum
1565 2156 1713 2194 homini

224 2226 483 2276 posteriorum
515 2231 752 2276 temporum,
791 2227 934 2276 quibus
972 2231 1200 2264 exornatam
1231 2227 1357 2275 magis
1390 2227 1592 2276 magisque
1623 2239 1714 2265 esse

224 2301 331 2346 patet
362 2297 532 2336 Socratis
564 2297 789 2335 memoriam
822 2297 863 2334 in
895 2297 1082 2346 sapientis
1113 2297 1285 2346 effigiem
1317 2297 1512 2347 quandam
1544 2298 1713 2336 absoluti

224 2373 264 2405 et
295 2368 485 2417 perfecti?
547 2368 704 2406 Testem
736 2368 907 2417 produco
940 2367 1217 2415 Themistium,
1250 2368 1317 2417 qui
1347 2368 1387 2405 in
1420 2380 1470 2406 or.
1493 2368 1613 2406 XXII
1633 2380 1711 2406 non

223 2439 336 2476 aliter
371 2438 545 2488 loquitur
582 2450 628 2476 ac
659 2442 858 2488 tamquam
897 2450 939 2476 se
979 2439 1136 2476 omnino
1173 2439 1241 2477 ille
1279 2450 1357 2476 non
1395 2439 1614 2477 defenderit
1651 2439 1711 2476 in—

224 2509 384 2558 dignum
418 2509 492 2547 hoc
524 2509 673 2547 ducens
705 2514 744 2547 et
774 2522 797 2547 a
830 2521 872 2547 se
904 2509 1021 2558 longe
1053 2509 1237 2547 alienum.

345 2683 378 2726 1)
406 2682 565 2717 Weiskio
587 2682 699 2726 enim,
727 2683 785 2727 qui
811 2682 885 2717 loco
904 2682 962 2716 isso
983 2683 1070 2729 ὑμῖν
1088 2693 1150 2726 pro
1172 2682 1259 2729 ἡμῖν
1277 2682 1344 2727 legi
1364 2682 1456 2726 vult,
1483 2693 1549 2717 non
1569 2693 1711 2727 possum

224 2741 402 2784 assentiri3
430 2752 511 2775 nam
538 2753 618 2776 cum
647 2741 703 2784 §4
729 2752 766 2775 se
793 2742 909 2786 ipsum
942 2741 985 2775 de
1012 2741 1216 2776 defensione
1243 2743 1449 2776 meditatum
1482 2751 1560 2775 esse
1591 2742 1709 2776 fassus

224 2800 285 2842 sit,
323 2800 380 2834 hic
408 2800 496 2846 ὑμῖν
527 2800 673 2834 dicendo
706 2810 744 2834 se
776 2800 938 2844 excipere
970 2810 1038 2834 non
1071 2802 1201 2844 potest3
1241 2811 1285 2834 ex
1316 2800 1426 2835 altera
1463 2802 1579 2834 autem
1611 2801 1713 2844 parte

225 2859 484 2902 Hermogenem
509 2870 578 2893 non
605 2861 721 2903 potest
745 2859 813 2893 isto
838 2858 1009 2893 vocabulo
1040 2859 1076 2892 in
1109 2869 1230 2893 eorum
1261 2869 1449 2893 numerum
1480 2859 1713 2904 comprehen-

225 2918 323 2960 dere,
351 2918 410 2962 qui
436 2919 538 2952 antea
563 2918 628 2952 sibi
654 2920 694 2952 ut
719 2918 960 2952 defensionem
985 2918 1213 2953 meditaretur
1237 2918 1485 2962 persuaserint.
