1820 3340
270 227 351 265 118

266 355 343 393 quo
381 343 520 382 aetatis
558 343 681 392 gradu
726 344 875 382 ceteri
920 356 1055 383 omnes
1093 344 1248 394 ingenio
1290 346 1421 385 minus
1458 347 1624 397 pollent:
1668 348 1755 399 ipse

264 417 397 452 autem
440 414 537 452 adeo
582 426 657 451 non
696 414 853 463 ingenio
899 415 1076 452 minutus
1114 418 1213 464 erat,
1258 419 1301 454 ut
1342 417 1460 455 animi
1499 419 1755 457 constantiam

265 486 513 533 praestaret.“
583 484 693 522 Unde
732 485 851 522 verba
889 480 983 523 ἀντὶ
1021 482 1172 524 τούτου
1210 498 1300 524 eum
1337 487 1636 537 interpretatum
1668 501 1755 528 esse

264 558 427 604 apparet
458 558 501 592 ut
524 550 617 592 ἀντὶ
640 557 714 593 τοῦ
736 552 810 608 τὴν
832 551 1028 594 διάνοιαν
1048 556 1303 607 μειοῦσθαι;
1337 570 1425 596 cum
1454 570 1590 608 reapse
1612 571 1657 597 ea
1679 572 1753 598 non

265 626 395 662 minus
427 637 543 674 quam
576 625 624 662 ad
657 619 700 662 ἐν
731 615 765 677 ᾧ
797 621 959 672 πάντες
990 639 1023 664 τ.
1053 623 1088 664 (5.
1115 640 1158 676 μ.
1187 627 1235 664 ad
1262 624 1309 665 τὸ
1332 623 1638 677 ἅχθεινόῑατον
1659 642 1692 668 τ.
1715 629 1753 681 [3.

264 695 460 745 pertinere
485 695 551 732 vel
576 695 738 733 voculae
764 690 842 745 μέν
862 699 902 734 et
924 691 971 734 δέ
992 696 1212 735 ostendant.
1256 697 1407 736 Deinde
1430 711 1506 737 non
1528 699 1614 737 sine
1639 712 1755 738 causa

265 763 313 804 τὸ
341 761 648 815 ἅχθεινότατον
679 769 756 804 τοῦ
785 759 882 817 βίου
914 779 984 816 pro
1025 767 1195 817 simplici
1227 772 1356 821 γῆρας
1387 769 1491 819 quod
1523 769 1755 819 Caspersius

265 837 479 886 substituit,
502 836 663 886 dicitur3
686 840 804 887 atque
826 849 916 875 cum
938 838 1055 876 verba
1074 835 1122 876 τὸ
1143 833 1452 888 ἅχθεινότατον
1471 843 1546 879 τοῦ
1563 834 1661 892 βίου
1682 837 1752 879 καὶ

265 902 308 945 ἐν
347 897 380 959 ᾦ
418 903 579 954 πάντες
616 904 691 961 τὴν
728 903 924 946 διάνοιαν
960 911 1181 958 μειοῦνται.
1221 909 1270 946 ad
1309 909 1332 960 ἓ
1363 911 1386 948 8
1426 910 1631 948 referenda
1667 923 1754 949 esse

265 982 444 1027 apertum
477 978 543 1026 sit,
578 978 684 1016 hunc
715 980 843 1016 locum
875 979 930 1017 ita
960 979 1298 1029 interpretandum
1331 992 1419 1018 esse
1450 984 1630 1030 apparet:
1664 982 1753 1031 „dei

264 1049 374 1086 fatali
404 1048 474 1086 illa
506 1049 733 1087 defensione
763 1049 960 1087 Socratem
993 1062 1066 1087 non
1101 1053 1328 1099 arcuerunt,
1360 1051 1453 1100 quia
1484 1051 1538 1089 ita
1569 1064 1591 1089 a
1623 1063 1755 1090 senec-

264 1119 361 1157 tutis
394 1119 550 1157 miseria
571 1120 945 1169 praeservabatur;“
979 1115 1175 1159 ἀπέλιπε
1207 1133 1298 1170 ergo
1329 1133 1407 1159 non
1435 1124 1510 1171 est,
1544 1122 1647 1172 quod
1669 1123 1755 1161 vult

265 1190 512 1239 Caspersius,
544 1190 751 1238 ‘decessitz
777 1191 845 1229 sed
868 1192 962 1228 ‘non
988 1190 1188 1240 intravit'3
1213 1195 1252 1229 et
1276 1192 1396 1230 verba
1418 1187 1510 1231 ἀντὶ
1535 1187 1582 1230 δὲ
1604 1189 1755 1232 τούτου

264 1257 351 1298 κτλ.
384 1261 457 1298 hoc
485 1260 559 1298 sibi
582 1261 735 1298 volunt:
776 1257 887 1299 ‘dmi
927 1258 1077 1300 τούτου
1116 1265 1192 1300 τοῦ
1221 1257 1374 1314 μέρους
1404 1265 1480 1302 τοῦ
1514 1257 1611 1315 βίου
1642 1264 1755 1313 quasi

263 1332 519 1369 commutavit
545 1326 770 1381 εὕκλειανζ
803 1332 886 1370 sive
919 1332 929 1350 ί
938 1344 1013 1370 non
1044 1333 1157 1370 modo
1184 1333 1328 1382 effugit
1349 1333 1470 1371 vitam
1492 1334 1754 1373 miserabilem

264 1402 332 1439 sed
354 1405 553 1451 praeterea
576 1399 962 1455 (προσεκτήσατο)
984 1402 1100 1441 etiam
1123 1403 1286 1452 gloriam
1317 1403 1392 1442 sibi
1414 1404 1592 1454 peperit’.
1640 1404 1755 1443 Nunc

263 1484 354 1510 vero
386 1472 487 1510 nihil
518 1472 626 1510 aliud
658 1473 873 1522 Apologiae
901 1474 1018 1512 verba
1050 1473 1123 1512 sibi
1156 1474 1258 1512 velle
1290 1474 1577 1523 intellegimus:
1611 1475 1755 1513 dicitur

263 1543 367 1581 enim
408 1543 585 1581 Socrates
624 1546 718 1581 ‘non
758 1544 841 1582 sine
880 1545 1041 1582 numine
1072 1545 1351 1594 voluntateque
1389 1545 1551 1584 deorum
1588 1550 1754 1584 mortem

263 1613 509 1663 occubuisse,
548 1626 639 1651 nam
677 1614 885 1664 reliquisse
922 1627 1010 1652 eum
1044 1615 1146 1653 vitae
1177 1619 1329 1664 partem
1369 1616 1537 1654 maxime
1574 1617 1753 1654 acerbam

263 1688 507 1734 mortemque
539 1685 573 1722 ei
607 1684 909 1732 placidissimam
933 1685 1161 1735 contigisse3
1195 1689 1395 1735 praeterea
1425 1686 1545 1724 animi
1573 1691 1753 1725 constan-

263 1755 357 1792 tiam
388 1768 434 1793 ac
455 1755 726 1793 fortitudinem
759 1768 849 1793 eum
872 1756 1134 1806 praestitisse:
1168 1757 1304 1794 mortis
1326 1756 1432 1795 enim
1464 1757 1660 1795 communi
1686 1757 1753 1795 illo

262 1830 302 1864 et
333 1830 470 1863 natura
506 1826 624 1864 insito
648 1826 787 1864 timore
807 1827 907 1864 nihil
929 1830 1184 1876 commotum,
1215 1839 1305 1865 cum
1328 1827 1407 1865 vita
1428 1829 1753 1877 praestantiorem

263 1908 349 1934 eam
389 1908 477 1935 esse
511 1897 777 1946 cognovisset,
825 1898 1054 1947 neutiquam
1094 1898 1289 1947 refugisse
1333 1902 1400 1936 aut
1439 1898 1754 1937 reformidavisse

262 1979 364 2014 eam,
404 1968 471 2005 sed
506 1972 548 2005 ut
580 1968 745 2017 quodvis
783 1968 889 2005 aliud
927 1969 1089 2016 bonum,
1129 1969 1366 2018 aequissimo
1402 1970 1531 2007 animo
1563 1973 1602 2007 et
1633 1969 1753 2019 placi-

261 2037 424 2075 dissimo
456 2038 679 2087 accepisse‚'
732 2037 838 2085 Quae
871 2039 1000 2076 omnia
1032 2042 1111 2076 tam
1135 2039 1332 2088 praeclare
1364 2039 1468 2077 dicta
1499 2052 1616 2089 quam
1647 2042 1753 2078 recte

261 2112 449 2158 concepta
481 2112 588 2146 sunt:
623 2121 711 2146 nam
736 2109 843 2147 aliud
875 2112 937 2147 est
968 2112 1133 2148 mortem
1164 2109 1267 2147 inter
1287 2110 1510 2158 praesentia
1532 2110 1633 2148 mala
1654 2115 1752 2148 tam-

261 2191 377 2228 quam
401 2179 595 2228 effugium
617 2183 750 2229 petere
782 2179 1028 2228 aegritudine
1051 2179 1115 2218 vel
1136 2180 1268 2218 dolore
1290 2180 1353 2218 vel
1374 2192 1537 2229 angore,
1570 2180 1751 2219 omnibus

261 2249 430 2299 denique
452 2250 619 2288 turbidis
644 2250 764 2288 animi
795 2251 965 2288 motibus
987 2250 1230 2299 perculsum,
1260 2250 1367 2288 aliud
1389 2250 1438 2288 de
1470 2251 1752 2301 tranquillitate

261 2321 382 2357 animi
415 2320 522 2358 nulla
543 2321 752 2358 affectione
773 2320 1024 2358 deturbatum
1057 2321 1194 2358 fidenti
1226 2321 1356 2359 animo
1377 2321 1556 2371 laetoque
1580 2322 1631 2360 ad
1651 2334 1751 2360 mor-

263 2394 341 2428 tem
367 2391 494 2439 gradi,
528 2391 619 2440 quia
645 2391 781 2441 quanti
814 2390 866 2429 sit
888 2391 966 2429 vita
997 2391 1238 2429 aestimanda
1269 2391 1484 2441 intellegis,
1516 2395 1556 2430 et
1586 2392 1749 2441 gloriam

261 2461 501 2498 constantiae
539 2474 628 2499 cum
673 2462 832 2499 caritate
870 2462 972 2500 vitae
1015 2465 1266 2500 commutare.
1335 2462 1441 2499 Illud
1484 2462 1634 2511 ignavi,
1678 2463 1751 2500 hoc

263 2532 450 2581 sapientis
472 2535 532 2570 est
550 2532 741 2582 fortisque
759 2533 944 2582 hominis3
969 2532 1037 2570 illo
1054 2532 1167 2570 modo
1183 2532 1426 2582 Caspersius,
1448 2533 1522 2571 hoc
1537 2532 1750 2582 Apologiae

260 2605 394 2640 auctor
426 2602 625 2640 Socratem
663 2615 705 2641 se
742 2606 946 2652 gerentem
983 2603 1088 2640 facit.
1150 2602 1290 2652 Itaque
1328 2602 1455 2641 omnis
1493 2602 1750 2653 repugnantia

261 2673 301 2710 in
333 2672 413 2710 illis
445 2673 574 2710 verbis
605 2686 628 2711 a
661 2673 883 2723 Caspersio,
916 2675 961 2711 ut
992 2673 1067 2711 sibi
1099 2673 1270 2721 videtur,
1302 2674 1456 2711 detecta
1487 2673 1665 2711 concidit.

382 2744 447 2780 28.
480 2743 667 2781 Extrema
698 2743 868 2793 denique
894 2743 1108 2793 Apologiae
1141 2743 1333 2781 sententia
1358 2743 1562 2793 Caspersio
1595 2743 1749 2782 videtur

263 2814 409 2851 ‘neseio
441 2826 560 2862 quam
592 2813 860 2862 iynorantiam
895 2813 1109 2851 Socraticae
1139 2814 1298 2851 rz'rtutz's
1320 2814 1492 2862 prodere.
1554 2814 1746 2863 Namque,

261 2883 405 2932 inquit,
450 2884 519 2932 qui
567 2896 713 2931 revera,
765 2887 807 2921 ut
846 2884 1085 2933 Xenophon,
1131 2887 1239 2921 tanta
1279 2883 1449 2922 Socratis
1492 2884 1748 2921 admiratione
1803 2925 1811 2933 ⁸
