1820 3340
262 241 343 281 162

259 360 351 398 dam
382 360 427 397 in
460 358 773 397 Memorabilz'bus
804 357 976 395 inveniri
1006 359 1048 395 ut
1080 368 1305 395 communes
1336 356 1417 394 iuis
1443 369 1533 394 eum
1555 355 1746 405 Apologia

260 431 482 477 Platonica,
516 431 572 467 ita
603 442 625 465 (l
659 429 937 477 Xenophonteo
963 428 1080 476 plane
1112 428 1260 465 alienas
1292 428 1420 474 docet,
1461 427 1565 464 unde
1603 427 1747 475 scripta

261 501 417 539 demum
468 500 657 549 Apoloqia
700 511 799 548 opus
842 499 941 536 illud
986 498 1166 536 Platonis
1215 499 1259 536 in
1304 498 1487 536 notitiam
1523 497 1747 547 pervenisse

261 571 534 620 Xenophontis
566 571 650 608 iure
673 570 804 608 efficit.
858 569 941 607 Hac
961 575 1089 607 autem
1114 569 1422 607 Memorabilium
1446 568 1746 618 Platonicaeque

259 642 473 692 Apologiae
503 642 695 679 affinitate
728 653 802 690 quo
835 641 948 678 modo
969 641 1016 678 ad
1040 644 1211 678 nostram
1233 652 1317 678 rem
1345 640 1536 678 utendum
1559 640 1627 686 sit,
1649 641 1746 688 part.

261 725 387 762 super.
424 711 494 763 §5
530 712 795 750 demonstrare
828 712 954 749 conati
989 723 1136 749 sumus.

378 783 446 821 Illi
490 783 611 832 igitur
654 783 910 832 disputationi
955 783 1257 820 Immischius
1302 782 1551 821 scitissimam
1595 781 1748 830 elegan-

261 854 533 904 tissimamque
565 866 611 892 ac
643 854 779 891 solitae
811 855 980 903 priorum
1016 855 1055 891 in
1089 854 1159 891 hac
1190 866 1231 891 re
1263 853 1503 902 simplicitati
1535 853 1650 900 longe
1682 863 1749 890 ex-

262 926 468 964 cellentem
508 925 688 963 adiunxit
731 925 1005 963 vocabulorum
1044 925 1085 962 in
1124 925 1314 975 Apologia
1351 925 1527 962 delectus
1567 921 1750 973 disquisi-

260 998 424 1045 tionem3
464 1009 540 1046 qua
578 1009 619 1033 re
656 996 704 1033 acl
737 996 995 1034 dirimendam
1028 997 1128 1034 hanc
1160 997 1208 1035 de
1236 1010 1280 1035 ea
1321 996 1625 1036 controversiam
1658 995 1750 1046 plus

262 1080 349 1105 eum
389 1080 511 1105 unum
550 1068 760 1105 contulisse
799 1080 913 1117 quam
948 1080 1184 1118 quemquam
1225 1069 1346 1106 alium
1376 1068 1618 1118 superiorum
1652 1069 1752 1106 affir-

262 1151 367 1176 mare
404 1151 480 1176 non
520 1150 670 1185 vereor,
710 1138 804 1187 quin
837 1139 953 1176 etiam
989 1140 1160 1176 omnium
1200 1145 1389 1189 quotquot
1421 1140 1674 1178 tractavimus
1705 1140 1752 1177 de

264 1210 453 1259 Apologia
485 1211 855 1247 commentationum
888 1209 981 1247 huic
1012 1210 1123 1259 quasi
1157 1211 1229 1248 soli
1262 1210 1447 1248 scientiae
1477 1211 1754 1261 doctrinaeque

264 1292 407 1318 nomen
439 1281 664 1327 convenire,
697 1282 797 1318 hauc
829 1280 951 1318 solam
982 1281 1064 1318 fere
1096 1280 1251 1330 dignam
1279 1293 1378 1331 quae
1405 1282 1642 1319 scriberetur
1665 1293 1754 1320 esse

264 1351 388 1389 videri
421 1351 619 1389 confiteor.
684 1350 759 1388 Sed
794 1351 975 1401 quoniam
1008 1364 1082 1389 non
1117 1356 1268 1390 tantum
1302 1353 1542 1402 propositum
1575 1357 1753 1391 nostrum

264 1422 305 1459 id
338 1422 579 1471 postulabat,
613 1425 657 1460 ut
688 1422 761 1459 hac
789 1434 944 1472 quoque
976 1435 1026 1460 ex
1053 1427 1162 1472 parte
1189 1435 1271 1461 rem
1301 1424 1652 1472 consideraremus,
1684 1423 1754 1461 sed

265 1494 379 1531 etiam
413 1493 632 1531 Immiscliii
661 1493 873 1542 disputatio
896 1493 1035 1543 partim
1060 1494 1175 1543 paulo
1196 1494 1315 1532 latius
1343 1505 1457 1545 quam
1481 1507 1551 1544 pro
1572 1495 1754 1533 instituto

265 1568 397 1602 nostro
435 1564 584 1612 vagari,
624 1564 763 1613 partim
801 1565 1089 1613 accessionibus
1126 1565 1187 1602 his
1232 1565 1312 1603 illis
1350 1567 1481 1604 locum
1518 1566 1609 1604 dare
1647 1565 1754 1604 vide-

266 1636 394 1683 batur,
427 1635 612 1685 expedire
644 1635 957 1674 existimavimus
988 1639 1113 1674 totum
1141 1636 1179 1673 id
1208 1640 1326 1686 caput
1351 1636 1422 1685 ita,
1450 1641 1495 1674 ut
1521 1642 1618 1686 part.
1641 1637 1659 1674 Ι
1682 1635 1705 1687 ἓ
1730 1637 1752 1675 2

265 1706 411 1744 factum
443 1710 519 1754 est,
551 1706 761 1745 retractari.

859 1802 878 1824 :k
1139 1803 1158 1822 *

999 1830 1019 1852 *

384 1942 444 1980 Ne
482 1942 650 1992 denique
687 1942 816 1981 officio
856 1947 1038 1993 suscepto
1076 1956 1211 1994 parum
1251 1944 1487 1983 satisfecisse
1525 1944 1605 1982 ullo
1643 1945 1756 1983 modo

270 2014 486 2062 videamur,
520 2014 664 2052 mentio
697 2015 760 2052 hic
792 2014 907 2052 etiam
940 2015 1182 2065 quorundam
1215 2017 1300 2063 fiat,
1333 2016 1398 2066 qui
1431 2017 1556 2064 magis
1578 2016 1758 2054 minusve

268 2085 492 2122 summatim
532 2088 649 2134 atque
686 2085 725 2122 in
765 2086 931 2123 transitu
970 2087 1173 2124 occasione
1209 2089 1307 2124 forte
1345 2087 1433 2124 data
1470 2099 1552 2124 rem
1585 2091 1756 2125 nostram

267 2155 504 2204 attingentes
538 2156 724 2205 suffragia
751 2157 933 2195 tulerunt.
989 2157 1160 2204 Quorum
1183 2158 1249 2208 qui
1273 2158 1503 2207 Apoloyiam
1524 2158 1757 2196 subditivam-

267 2227 506 2264 arbitrantur
543 2250 595 2254 —
631 2228 874 2276 superiorum
906 2228 1090 2266 videlicet
1126 2230 1356 2267 auctoritate
1388 2229 1637 2278 potissimum
1668 2229 1756 2277 nisi,

269 2309 366 2346 quos
411 2297 527 2335 etiam
571 2298 772 2347 appellare
816 2298 942 2336 solent
978 2323 1021 2325 -—
1077 2300 1131 2336 nil
1170 2299 1245 2337 nisi
1283 2312 1411 2337 rerum
1458 2300 1532 2337 iam
1578 2301 1625 2338 ab
1668 2300 1757 2338 aliis

269 2367 521 2414 obiectarum,
553 2380 574 2405 a
606 2369 717 2406 nobis
750 2370 894 2417 passim
928 2370 1197 2419 expeditarum
1231 2383 1348 2408 unam
1382 2371 1443 2408 vel
1475 2372 1635 2410 alteram
1666 2372 1757 2409 affe·

269 2442 371 2475 runt.
433 2438 553 2477 Velut
576 2439 694 2477 Bern
705 2440 817 2477 hard
827 2441 953 2489 yusl)
985 2453 1162 2479 sermone
1193 2454 1277 2479 eam
1301 2454 1449 2491 parum
1482 2443 1606 2481 Attico
1638 2443 1757 2492 serip-

270 2512 350 2546 tam
383 2513 529 2547 censet.
593 2509 981 2563 Stallbaumius‘2)
1013 2513 1157 2551 ‘e'udieio
1189 2515 1357 2551 auctoris
1389 2515 1432 2552 cle
1463 2514 1758 2564 maym'loquen-

270 2580 345 2617 tiae
376 2580 486 2618 illius
517 2582 649 2618 causis
681 2582 741 2619 m'l
770 2584 932 2632 reperiri
954 2596 1070 2632 posse
1101 2584 1316 2633 praedicat,
1350 2585 1452 2634 quod
1471 2585 1631 2634 fraudes
1651 2598 1758 2634 aper-

390 2742 423 2785 1)
458 2743 496 2775 G.
523 2742 797 2788 Bernhardy,
838 2743 1202 2788 Wz‘ssewsehaftliehe
1237 2746 1378 2790 Syntax
1415 2748 1477 2781 der
1505 2747 1759 2791 yrvz‘eehiseken

272 2800 446 2844 Spraehe‚
476 2801 588 2835 Berol.
620 2802 724 2845 1829,
752 2815 784 2846 p.
805 2803 848 2838 23
875 2815 954 2838 ann.
973 2805 1028 2838 46.

389 2860 424 2903 2)
450 2860 620 2894 Platonis
640 2862 820 2905 Apoloyia
838 2866 870 2896 et
889 2862 1006 2904 Crito,
1032 2875 1101 2897 ree.
1126 2864 1166 2898 G.
1188 2863 1404 2900 Stallbaum.
1445 2866 1508 2899 Ed.
1527 2868 1605 2900 tert.
1626 2866 1758 2900 Gothae

272 2917 380 2961 1846,
407 2918 512 2952 Proll.
541 2919 574 2952 in
602 2920 702 2964 Apol.
731 2932 760 2964 p.
791 2920 868 2954 168.
