1820 3340
1484 247 1539 284 49

54 364 379 402 documentorum
435 363 694 401 accusationis
749 363 796 401 ab
846 362 1067 400 adversario
1122 362 1189 400 illo
1244 362 1401 400 interim
1451 375 1542 400 con-

57 437 258 484 gestorum
289 433 400 482 copia
432 434 664 482 suppetebat
694 433 773 470 lata
803 432 1068 482 disputatione
1100 432 1324 470 refellenda.
1365 455 1420 459 —
1458 432 1542 469 Hac

55 505 113 542 rei
157 504 417 554 explicatione
460 504 581 542 nullis
625 503 925 542 difficultatibus
975 503 1165 551 impedita
1207 502 1339 552 aspice
1383 505 1541 552 quanto-

57 587 149 624 pere
188 578 394 624 superetur
431 574 681 624 simplicitate
725 586 769 611 ac
806 573 1076 623 probabilitate
1119 586 1164 611 ea
1206 573 1321 621 ratio,
1366 585 1442 622 qua
1485 573 1542 611 uti

53 645 271 693 debebunt,
304 644 370 694 qui
402 644 632 693 Apologiam
665 656 715 682 ex
746 643 1062 681 Memorabilibus
1094 643 1258 681 fluxisse
1290 643 1540 681 contendunt.

55 715 141 753 Hoc
177 715 282 753 enim
320 715 401 752 fere
438 717 550 763 pacto
588 714 799 752 defendere
836 717 1030 763 oporteret
1068 725 1133 751 eos
1171 714 1392 762 opinionem
1431 725 1542 751 suam

56 788 100 822 ut
143 788 358 822 statuerent
400 784 612 833 Apologiae
655 788 868 832 auctorem,
913 795 1002 821 cum
1047 784 1184 833 primis
1228 783 1541 822 Memorabilium

53 854 263 893 sententiis
304 854 443 892 iisdem
483 867 605 904 paene
644 854 773 892 verbis
806 854 1100 903 comprehensis
1139 854 1234 904 quin
1272 855 1389 892 etiam
1426 854 1542 903 paulo

55 925 182 975 (Apol.
217 925 241 976 ξ
267 924 334 974 12)
366 925 510 973 auctis,
541 925 707 975 reliquis
739 928 869 962 tamen
902 924 991 962 inde
1023 937 1045 961 a
1078 923 1101 975 ξ
1127 926 1149 962 5
1183 936 1310 974 usque
1341 924 1391 962 ad
1422 925 1539 962 finem

53 995 196 1045 capitis
228 995 343 1045 primi
375 995 506 1033 nescio
538 1007 608 1033 cur
638 995 795 1033 omnino
827 995 970 1044 spretis
1008 1007 1053 1032 ac
1083 994 1275 1043 neglectis
1306 995 1355 1033 ad
1386 995 1542 1032 initium

52 1066 195 1115 capitis
227 1065 388 1103 alterius
419 1065 679 1115 pervenisset,
712 1065 899 1115 quasdam
932 1077 981 1102 ex
1014 1077 1061 1102 eo
1095 1065 1432 1103 sententiunculas
1463 1065 1542 1103 ele-

54 1136 160 1185 gisse
192 1135 380 1185 illamque
410 1136 723 1185 complexionem
755 1138 940 1185 quattuor
965 1136 1228 1173 membrorum
1261 1147 1353 1173 sane
1385 1135 1542 1173 concin-

54 1218 193 1244 norum
215 1218 264 1244 ex
286 1205 366 1243 illis
388 1206 580 1255 effecisse3
614 1206 754 1244 deinde
777 1206 923 1244 oraculi
944 1205 1101 1254 Pythici
1124 1217 1215 1243 eum
1242 1205 1283 1242 in
1306 1205 1543 1243 mentionem

54 1276 259 1314 incidisse:
304 1279 479 1314 actutum
525 1276 828 1325 excogitavisse,
873 1276 1027 1314 etiamsi
1065 1280 1104 1313 et
1141 1289 1163 1313 a
1200 1276 1374 1314 Platonis
1411 1279 1542 1314 aucto-

56 1347 169 1385 ritate
201 1350 239 1385 et
270 1359 292 1384 a
323 1346 486 1384 veritate
518 1347 571 1384 ita
602 1347 705 1384 haud
739 1347 897 1396 paulum
921 1346 1051 1384 recedi
1072 1349 1282 1396 oporteret,
1315 1346 1431 1384 talem
1456 1347 1541 1384 eius

55 1417 279 1464 formulam,
329 1417 369 1454 in
415 1429 492 1466 qua
536 1429 596 1464 ea,
641 1429 740 1466 quae
786 1416 809 1467 ξ
843 1418 893 1455 16
940 1420 1208 1466 exponuntur,
1252 1416 1382 1454 omnia
1430 1417 1542 1466 quasi

54 1487 245 1537 >suspendi
278 1491 450 1536 possent.
514 1487 611 1525 Cum
644 1487 765 1536 igitur
802 1499 872 1525 nos
904 1491 1010 1525 recto
1042 1487 1178 1525 itinere
1216 1488 1262 1525 ab
1301 1487 1456 1525 oraculo
1494 1487 1541 1524 ad

52 1558 142 1596 eius
174 1557 473 1607 explicationem
505 1558 725 1609 veniamus,
757 1557 847 1595 illos
877 1558 924 1595 ab
956 1558 1029 1595 hac
1060 1557 1254 1606 profectos
1276 1570 1394 1595 curva
1415 1558 1478 1594 via
1498 1570 1543 1595 ac

56 1650 112 1655 —
144 1640 279 1666 verum
313 1631 357 1665 ut
381 1628 556 1665 dicamus
580 1650 634 1655 -
658 1628 772 1676 plane
804 1627 916 1666 devia
949 1639 1065 1676 aegre
1098 1630 1248 1677 oportet
1270 1628 1319 1665 ad
1341 1628 1542 1666 oraculum

52 1699 265 1737 ascendere
296 1699 437 1737 conari.

174 1769 388 1806 Infirmatis
420 1769 587 1818 denique
618 1772 886 1806 accusatorum
909 1768 1153 1806 documentis
1182 1767 1248 1819 (ἐξ
1273 1768 1430 1818 9-61)
1452 1780 1542 1806 con-

54 1839 274 1878 clusionem
312 1839 432 1876 totius
475 1839 749 1888 disputationis
794 1839 1000 1877 concinnat
1031 1838 1098 1890 (§§
1131 1839 1336 1887 62—64)
1382 1842 1542 1888 sumptu

56 1910 199 1959 partim
237 1911 284 1947 ab
316 1910 524 1959 Apologia,
568 1909 708 1959 partim
751 1916 795 1946 ut
832 1909 987 1947 videtur
1023 1921 1045 1946 a
1082 1909 1245 1946 Platone
1283 1909 1542 1959 suppeditato,

56 1980 168 2018 Plato
200 1980 303 2018 enim
335 1980 369 2017 ei
402 1980 534 2017 nescio
572 1992 621 2017 an
654 1980 957 2017 commodaverit
994 1980 1112 2017 verba
1156 1979 1240 2026 illa,
1285 1980 1428 2029 quibus
1465 1991 1543 2016 non

57 2050 141 2088 sine
174 2050 364 2098 gravitate
396 2050 562 2088 Socratis
595 2050 768 2088 defensio
802 2050 952 2087 finitur:
984 2043 1104 2099 Ἐμοὶ
1135 2045 1213 2099 μὲν
1241 2046 1292 2102 δὴ
1314 2045 1543 2101 Σωκράτης

57 2124 250 2167 τοιοῦῐος
282 2117 339 2158 ὢν
372 2116 507 2159 ἐδόκει
537 2125 663 2172 τιμῆς
685 2116 803 2167 ἄξιος
835 2111 943 2158 εἶναι
978 2124 1030 2174 τῇ
1061 2117 1190 2158 πόλει
1221 2117 1384 2170 μᾶλλον
1406 2117 1430 2174 ἢ
1453 2119 1541 2158 θα-

57 2188 200 2238 νάτοιν,
235 2194 274 2229 et
301 2192 446 2229 Ταῦτα
478 2186 525 2229 δὲ
546 2187 752 2241 πράττων
782 2194 881 2237 πῶς
912 2186 959 2229 οὗ
990 2187 1177 2244 μεγάλης
1202 2186 1321 2237 ἄξιος
1348 2185 1396 2244 ἧν
1417 2195 1544 2240 marg

58 2265 109 2315 τῇ
135 2259 284 2309 πόλεις
344 2261 444 2299 Nam
476 2265 519 2299 ut
550 2262 712 2299 missum
746 2262 885 2299 faciam
920 2273 1035 2311 quam
1068 2274 1204 2310 parum
1238 2261 1411 2298 decuerit
1442 2261 1543 2298 alius

55 2344 100 2370 se
123 2332 321 2381 scriptoris
342 2332 471 2370 verbis
493 2332 547 2370 ita
569 2332 681 2381 quasi
702 2332 904 2370 addictum
926 2335 966 2369 et
987 2335 1256 2370 consecratum
1278 2331 1473 2380 praebere,
1500 2335 1544 2368 ut

57 2403 158 2440 nihil
196 2415 241 2440 ea
272 2403 475 2440 immutata
511 2403 708 2449 redderet,
748 2426 801 2429 —
841 2402 1038 2440 tantulum
1077 2406 1120 2439 ut
1157 2414 1179 2439 a
1217 2401 1379 2439 Platone
1418 2401 1544 2439 disce-

55 2473 184 2521 deret,
217 2476 277 2519 nt,
309 2485 398 2510 cum
430 2484 512 2510 rem
544 2473 611 2510 ille
642 2473 859 2522 posuisset,
897 2472 981 2521 ipse
1013 2483 1138 2520 genus
1170 2476 1348 2520 poneret,
1386 2472 1543 2520 generis

56 2543 163 2593 quod
194 2543 295 2580 inter
327 2542 555 2592 Apologiam
594 2547 632 2581 et
662 2543 927 2580 Memorabilia
958 2546 1018 2580 est
1055 2542 1267 2580 discrimen
1304 2542 1542 2591 postulabat:

59 2625 148 2651 nam
182 2613 257 2662 ipsi
289 2625 354 2650 reo
386 2617 518 2650 certus
550 2613 709 2662 quidam
740 2614 862 2650 honos
893 2625 962 2662 pro
993 2615 1098 2649 certa
1135 2623 1258 2661 poena
1295 2616 1376 2650 erat
1407 2625 1544 2661 propo-

59 2684 228 2730 nendus,
256 2683 290 2721 ei
311 2687 459 2731 autem,
482 2683 548 2733 qui
571 2683 619 2721 de
641 2683 709 2721 illo
731 2683 961 2730 disserebat,
990 2683 1204 2731 generatim
1225 2682 1356 2732 potius
1377 2694 1544 2730 magnus

59 2754 342 2803 cuiuscumque
373 2754 527 2802 generis
559 2754 682 2791 honos
714 2753 1020 2791 substituendus.

179 2824 325 2862 Verum
370 2836 479 2862 suam
523 2836 677 2873 quoque
721 2823 949 2873 Apologiam
994 2824 1034 2860 in
1079 2826 1230 2872 partem
1274 2822 1544 2872 impensarum

60 2898 173 2932 vocat
210 2895 447 2944 Xenophon:
492 2895 753 2944 paragraphos
791 2894 895 2931 enim
938 2895 989 2931 62
1030 2897 1068 2931 et
1109 2894 1160 2931 63
1201 2905 1251 2930 ex
1289 2893 1399 2942 Apol.
1440 2893 1542 2943 §25

1309 2972 1332 3005 4
