1820 3340
1489 256 1543 293 43

60 371 177 409 verba
206 370 274 408 illa
306 371 330 420 ξ
355 371 407 408 22
443 371 574 408 statim
607 371 913 420 subsequantur:
953 365 1044 408 ἀλλ’
1084 366 1234 424 ἤρκεσέ
1263 383 1357 420 μοι,
1403 372 1543 421 inquit,

59 438 250 496 δηλῶσαι
288 437 355 479 ὅτι
394 436 624 494 Σωκράτης
660 438 709 479 τὸ
745 436 823 490 μὲν
865 437 971 494 μήτε
1016 437 1120 492 περὶ
1163 438 1293 488 θεοὺς
1336 436 1540 494 ἀσεβῆσαι

59 508 165 565 μήτε
195 506 299 562 περὶ
332 506 595 562 ἀνθρώπους
626 506 775 558 ἄδικος
806 515 991 564 φανῆναι
1023 507 1127 562 περὶ
1155 508 1320 558 παντὸς
1350 507 1544 550 ἐποιεῖτο

60 593 105 619 ac
137 581 386 619 reminiscere
424 581 500 618 iam
534 582 740 619 verborum
774 581 948 619 Platonis
988 581 1030 618 in
1063 582 1176 631 Apol.
1209 594 1291 631 cap.
1314 581 1371 630 Π,
1404 582 1544 631 quibus

57 651 153 701 quid
185 652 354 689 maxime
385 663 431 689 ac
462 652 617 701 proprie
648 652 911 700 perniciosum
945 651 1095 690 Socrati
1133 652 1253 689 fuerit
1284 655 1351 689 aut
1382 653 1428 690 ab
1460 652 1544 701 ipso

58 725 141 770 aut,
174 722 207 760 si
238 721 298 759 dis
330 722 474 771 placet,
506 734 528 759 a
559 722 720 759 Platone
757 722 961 760 docemur:
1002 718 1092 759 ἀλλ’
1125 717 1282 761 ἐκεῖνοι
1314 719 1544 775 δεινότεροι

58 790 156 844 [scil.
189 789 214 846 ἢ
247 786 287 831 οἳ
320 787 431 845 ἀμφὶ
456 783 671 844 ”Ανυτον],
711 786 744 829 ὦ
783 788 948 844 ἄνδρες,
988 785 1034 831 οἳ
1068 789 1184 842 ὑμῶν
1221 790 1320 839 τοὺς
1356 790 1545 840 πολλοὺς

59 858 106 900 ἐκ
148 856 322 900 παίδων
363 859 778 915 παραλαμβάνοντες
827 856 1016 900 ἔπειθόν
1067 875 1113 900 τε
1162 858 1236 900 καὶ
1280 861 1544 917 κατηγόρουν

60 928 164 983 ἐμοῦ
194 927 316 971 οὐδὲν
347 928 529 987 ἀληθές)
570 929 627 980 ὡς
657 926 749 971 ἔστι
781 945 848 979 τις
885 929 1116 986 Σωκράτης
1153 930 1285 984 σοφὸς
1324 929 1444 987 ἀνήρ,
1489 930 1544 971 τά

58 1015 104 1041 τε
134 998 328 1055 μετέωρα
359 1001 614 1057 φροντιστὴς
646 999 720 1041 καὶ
752 1000 806 1040 τὰ
838 1000 925 1041 ὑπὸ
957 1007 1031 1056 γῆς
1063 1001 1239 1041 ἅπαντα
1278 999 1544 1058 ἅνεζητηκὼς

59 1069 133 1112 καὶ
165 1071 237 1111 τὸν
269 1071 381 1127 ἥττω
414 1070 538 1126 λόγον
570 1067 748 1127 κρείττω
770 1076 924 1112 ποιῶν.
988 1066 1124 1121 οὗτοι,
1158 1068 1192 1111 ὦ
1225 1070 1374 1126 ἄνδρες
1404 1070 1542 1129 Ἀθη-

57 1143 188 1195 ναῖοι,
223 1138 263 1182 οἱ
294 1141 452 1199 ταύτην
482 1142 557 1198 τὴν
589 1141 734 1198 φήμην
756 1140 1168 1192 κατασκεδάσαντες,
1203 1139 1244 1182 οἱ
1272 1139 1405 1183 δεινοί
1437 1139 1543 1184 εἰσίν

56 1227 138 1265 μου
176 1211 420 1268 κατήγοροι·
466 1208 506 1253 οἱ
544 1212 623 1267 γὰρ
662 1210 888 1261 ἀκούοντες
919 1212 1118 1268 ἡγοῦνται
1156 1211 1254 1261 τοὺς
1290 1218 1424 1253 ταῦτα
1470 1212 1542 1270 ζη-

57 1288 233 1331 τοῦντας
264 1280 362 1323 οὐδὲ
393 1283 522 1332 θεοὺς
553 1279 749 1335 νομίζειν.
811 1285 919 1323 Haec
950 1286 1072 1334 igitur
1109 1297 1199 1324 cum
1236 1286 1429 1323 obtineret
1460 1290 1544 1324 tum

57 1356 105 1394 de
144 1356 285 1393 studiis
323 1356 501 1405 physicis
545 1356 693 1405 opinio,
739 1356 771 1393 si
810 1356 877 1393 illa
915 1355 1151 1403 criminatio,
1195 1368 1294 1405 quae
1326 1356 1440 1394 Mem.
1463 1356 1483 1394 Ι
1509 1358 1543 1403 1,

58 1434 197 1470 10-16
241 1427 456 1476 repellitur,
502 1427 680 1476 scriptori
724 1426 939 1476 Apologiae
982 1430 1072 1464 nota
1116 1430 1214 1474 erat⁷
1259 1427 1414 1465 silentio
1458 1439 1544 1465 eam

57 1497 222 1535 transire
254 1497 481 1547 neutiquam
503 1501 671 1547 poterat3
704 1497 813 1547 atqui
845 1497 893 1534 de
915 1509 960 1535 ea
981 1501 1101 1535 tacet:
1134 1509 1228 1545 ergo
1250 1500 1341 1535 nota
1362 1498 1398 1535 ei
1420 1498 1542 1535 fuisse

56 1579 134 1605 non
165 1571 303 1617 potest.
366 1568 545 1618 Itemque
577 1568 611 1606 si
644 1567 791 1606 Socrati
825 1568 970 1605 sciebat
1002 1567 1157 1605 crimini
1179 1567 1313 1605 datum
1341 1579 1429 1606 esse
1451 1568 1544 1606 deos

57 1650 146 1676 eum
180 1639 335 1677 omnino
368 1639 520 1687 tollere,
553 1639 594 1676 id
626 1638 730 1688 quod
761 1651 811 1676 ex
842 1638 958 1676 Mem.
981 1638 1000 1675 Ι
1026 1639 1061 1685 1,
1085 1648 1104 1680 5
1147 1638 1412 1687 colligendum
1451 1642 1543 1686 erat,

58 1720 108 1746 ne
138 1708 186 1746 de
217 1709 291 1746 hoc
322 1707 497 1758 quidem,
530 1711 574 1746 ut
605 1720 710 1747 nunc
740 1709 851 1757 facit,
885 1709 1000 1747 silere
1022 1709 1057 1746 ei
1079 1709 1232 1747 licebat.
1295 1709 1432 1758 Itaque
1454 1721 1543 1747 cum

57 1778 261 1828 utriusque
303 1778 359 1816 rei
396 1778 576 1827 ignarum
614 1791 656 1817 se
699 1779 944 1830 insciumque
987 1780 1186 1829 praebeat,
1231 1779 1542 1818 Memorabilium

58 1849 194 1898 nequit
225 1849 403 1887 notitiam
434 1849 618 1887 habuisse
649 1850 790 1898 putari.

177 1920 254 1957 Sed
284 1920 331 1957 ab
363 1919 437 1967 eis,
470 1931 569 1969 quae
601 1920 744 1958 desunt
774 1921 815 1957 in
847 1921 1054 1970 Apologia,
1086 1921 1338 1959 traducamus
1362 1922 1443 1970 jam
1464 1921 1543 1959 dis-

57 1990 300 2040 putationem
332 1990 381 2027 ad
413 2002 474 2038 ea,
508 2002 608 2040 quae
639 1994 792 2040 praesto
825 1994 934 2040 sunt,
967 1991 1021 2029 ita
1053 1992 1211 2041 quidem
1243 1994 1287 2029 ut
1309 2003 1543 2041 quaeramus

57 2072 156 2110 quae
186 2060 390 2098 universae
421 2060 528 2098 illius
560 2061 742 2099 orationis
766 2061 818 2099 sit
844 2062 942 2099 ratio
965 2065 1006 2100 et
1028 2074 1103 2111 quo
1127 2074 1245 2100 sensu
1269 2065 1405 2100 auctor
1426 2062 1544 2100 inter-

57 2134 231 2181 pretatus
265 2131 316 2169 sit
345 2131 643 2170 accusationem.
705 2132 805 2170 Nam
837 2145 913 2182 quo
945 2144 1083 2182 reapse
1120 2133 1203 2171 eius
1237 2145 1389 2170 summa
1426 2133 1544 2182 perti-

57 2201 201 2250 nuerit,
240 2201 281 2239 id
319 2201 480 2240 dubium
523 2214 601 2240 non
644 2206 773 2252 potest
817 2215 924 2241 esse:
969 2203 1206 2252 persuadere
1250 2204 1354 2241 enim
1399 2204 1543 2253 populo

59 2272 266 2310 studebant
310 2272 507 2310 Socratem
551 2273 592 2310 in
635 2273 781 2311 nefaria
823 2274 892 2311 illa
944 2273 1208 2323 sophistarum
1246 2277 1364 2322 gente
1396 2274 1542 2323 patriae

58 2345 171 2392 peste
203 2355 291 2381 esse
322 2343 609 2381 numerandum
632 2343 766 2394 itaque
788 2344 996 2392 meruisse,
1029 2348 1072 2382 ut
1092 2357 1169 2382 non
1191 2345 1306 2382 aliter
1326 2344 1366 2381 in
1390 2356 1431 2382 se
1454 2356 1543 2381 con-

58 2413 269 2461 suleretur,
301 2425 346 2451 ac
377 2415 525 2452 factum
557 2417 662 2452 esset
690 2415 730 2451 in
755 2416 1027 2463 Anaxagoram
1050 2415 1256 2462 Diagoram
1280 2415 1542 2463 Protagoram.

11 2517 14 2520 .
57 2483 146 2521 Huc
176 2485 371 2522 accusatio
403 2485 603 2534 spectabat
634 2485 779 2522 omnis:
825 2485 887 2522 his
926 2485 1030 2523 enim
1069 2485 1223 2523 duabus
1260 2486 1394 2532 rebus,
1440 2485 1543 2535 quod

59 2553 151 2592 deos
183 2565 270 2592 esse
303 2558 491 2603 negarent
523 2558 562 2593 et
595 2555 766 2605 pessima
801 2556 1072 2593 adolescentes
1106 2556 1283 2594 doctrina
1309 2556 1542 2603 imbuerent,

59 2624 235 2663 denotari
260 2625 491 2663 videbantur
523 2626 722 2675 sophistae
753 2626 897 2676 populo
919 2638 993 2664 nec
1014 2626 1158 2675 vulgus
1191 2626 1405 2676 quidquam
1437 2626 1542 2663 aliud

57 2695 106 2733 de
129 2695 187 2733 eis
207 2698 379 2734 noverat.
433 2695 510 2734 Sed
531 2695 745 2745 Apologiae
766 2699 900 2734 auctor
930 2696 1009 2734 huc
1039 2696 1299 2734 accusationis
1320 2696 1395 2734 duo
1417 2695 1543 2744 capita

58 2765 186 2804 redire
216 2778 267 2804 ne
299 2766 521 2816 suspicatur
552 2766 732 2816 quidem,
770 2767 902 2816 itaque
946 2778 991 2804 ea
1023 2779 1099 2804 non
1138 2766 1235 2804 duas
1273 2767 1385 2816 quasi
1418 2766 1542 2804 lineas

59 2839 339 2884 convergentes
382 2840 421 2874 et
459 2836 509 2874 ad
547 2849 669 2874 unum
708 2840 899 2886 punctum
938 2836 1178 2875 deducentes
1215 2835 1428 2885 intellegit,
1474 2836 1543 2874 sed

58 2909 202 2955 puncta
234 2906 417 2956 discreta3
463 2910 501 2945 et
532 2908 644 2945 cuius
676 2907 979 2945 necessitudinis
1011 2907 1107 2945 haec
1144 2907 1300 2945 vinculo
1337 2906 1541 2945 coniuncta
