1820 3340
1476 238 1529 275 89

50 350 194 401 nuit1):
238 349 478 388 clarissimus
522 349 671 388 scilieet
720 350 885 399 quisque
928 350 1036 388 illius
1085 350 1222 389 aetatis
1268 351 1490 401 philologus
1502 354 1530 403 ⁶2)

51 420 331 459 Valckenaerio
352 420 622 458 assentiuntur
642 421 873 458 auctoritate
894 421 1018 469 magis
1041 421 1162 471 eapti,
1195 421 1341 471 opinor,
1364 422 1531 461 hominis

48 491 291 530 celeberrimi
323 502 439 540 quam
470 490 682 529 rationibus
714 490 905 528 commoti.

509 594 541 648 ξ
563 594 608 636 4.
661 593 728 636 De
763 592 1068 637 Sollneidero.

166 678 316 715 Novam
348 677 580 715 sententiam
618 677 767 727 aliquot
803 678 916 715 annis
954 682 1042 727 post
1079 678 1406 717 Sohneiderus
1443 692 1531 729 pro-

48 748 197 797 posuit3
228 748 269 784 in
301 759 345 785 ea
376 748 479 785 enim
512 747 824 786 Memorabilium
855 748 1041 796 editione,
1074 761 1191 798 quam
1224 750 1388 798 primam
1421 762 1530 788 oura-

46 818 104 855 vit
113 817 159 868 3),
192 818 293 856 inter
323 818 509 855 Addenda
530 821 563 855 et
590 818 823 867 Corrisyenda
843 818 897 855 ita
918 819 966 855 de
990 819 1179 867 Apologia
1200 819 1529 858 Memorabilium-

46 900 122 937 que
154 887 263 925 exitu
295 888 469 936 disserit,
512 892 557 926 ut
592 901 713 937 neque
750 889 818 925 hoc
856 901 973 937 neque
1010 889 1080 926 illa
1117 889 1307 938 integyram
1340 891 1530 928 contineri

47 958 184 996 doceat
220 959 489 1007 Xenophontis
526 971 713 1003 inanum,
759 959 824 996 sed
857 959 1051 1007 yenuinae
1088 959 1401 997 Memorabilium
1440 973 1528 998 con-

45 1028 236 1066 clusionis
267 1029 476 1078 dissipatas
507 1033 669 1078 utroque
708 1029 784 1067 loco
823 1033 856 1066 et
894 1030 1034 1066 alienis
1070 1030 1345 1068 additamentis
1382 1032 1529 1068 me'oetas

44 1098 216 1136 inveniri
237 1100 467 1148 particulas.
530 1100 729 1148 Reperisse
760 1100 866 1137 enim
897 1113 936 1137 se
967 1100 1042 1137 sibi
1072 1100 1193 1138 videri
1228 1101 1273 1138 in
1310 1102 1431 1150 capite
1462 1101 1528 1139 illo

45 1169 264 1206 accuratius
295 1182 384 1207 cum
415 1170 606 1218 Apologria
642 1173 861 1218 comparato
898 1171 1111 1219 manifesta
1147 1171 1458 1220 interpolationis
1496 1176 1529 1209 et

46 1239 278 1277 lacunarum
298 1240 482 1289 vestiyia;
508 1241 628 1289 plura
650 1244 896 1289 praepostero
919 1241 1055 1279 ordine
1076 1241 1272 1285 collocata,
1306 1242 1385 1279 alia
1408 1242 1527 1291 plane

43 1309 171 1347 aliena
202 1322 294 1348 esse.
359 1311 561 1348 Praestare
586 1311 771 1359 pluribus
803 1323 847 1348 ex
860 1312 1043 1360 partibus
1064 1312 1313 1361 Apoloyiam,
1347 1312 1528 1361 quamvis

45 1379 195 1417 lacunis
232 1384 265 1418 et
295 1381 427 1429 ipsam
457 1381 739 1430 deformatam;
784 1394 902 1430 quare
938 1382 1060 1419 videri
1096 1395 1183 1420 eam
1227 1383 1343 1420 ‘olim
1372 1387 1527 1432 partem

43 1450 178 1499 fecisse
208 1454 417 1489 eoetremam
448 1452 763 1490 Memorabilium·
794 1456 827 1490 et
865 1453 991 1490 nescio
1031 1465 1105 1501 quo
1143 1465 1238 1490 casu
1275 1453 1364 1491 inde
1402 1453 1527 1502 fuisse

43 1520 236 1559 divulsam
268 1525 301 1559 et
332 1535 355 1559 a
384 1522 654 1570 yrammaticis
684 1522 821 1559 multis
852 1523 896 1560 in
929 1523 1022 1560 locis
1054 1523 1323 1572 interpolatam
1353 1527 1385 1561 et
1406 1524 1526 1561 muti-

44 1590 190 1629 latam’.
244 1590 360 1631 Unde
386 1592 712 1642 quemadmodum
735 1593 894 1630 resartis
916 1596 1052 1631 mutua
1073 1593 1358 1641 comparatione
1379 1594 1526 1631 utrius-

40 1673 119 1710 que
157 1662 293 1711 scripti
337 1663 487 1700 lacunis
523 1663 814 1712 recuperandus
858 1663 909 1701 sit
946 1664 1142 1712 genuinus
1185 1664 1253 1702 ille
1290 1664 1524 1713 Xenophon,

43 1732 284 1770 demonstrat
321 1733 501 1771 restituto
546 1734 719 1782 exempli
763 1734 887 1782 gratia
924 1734 1094 1772 Socratis
1139 1747 1227 1772 011111
1277 1735 1524 1784 Hermogene

42 1803 248 1852 colloquio.

158 1873 367 1911 Enimvero
398 1886 476 1911 non
509 1874 634 1912 solum
667 1875 739 1912 1100
772 1874 995 1923 ‘Spectmen
1026 1875 1325 1912 emendationis'
1356 1875 1525 1913 levitatis

41 1947 173 1982 notam
217 1944 256 1980 in
300 1944 428 1982 fronte
472 1943 575 1993 gerit
613 1967 669 1971 —
708 1944 919 1994 siquidem,
964 1957 1061 1994 quas
1108 1946 1322 1983 sententias
1361 1945 1525 1983 alteram

161 2070 194 2113 1)
221 2069 457 2104 Schneiderus
485 2080 522 2104 se
549 2081 629 2104 eum
656 2081 699 2104 ne
725 2070 853 2115 legisse
880 2071 1022 2114 quidem
1041 2071 1181 2104 fatetur.
1225 2071 1353 2105 Contra
1372 2071 1524 2105 Zeunius

40 2128 75 2162 in
102 2128 251 2163 editione
278 2128 465 2173 Apologiae
493 2128 596 2173 (Xen.
623 2128 761 2170 Oecon.‚
794 2129 897 2173 Apol.
926 2129 1037 2170 Socr„
1072 2129 1209 2174 Symp„
1243 2130 1372 2172 Hiero,
1407 2130 1523 2174 Ayes„

40 2186 160 2231 Epist.
179 2186 313 2231 fmqm.
340 2187 434 2231 Lips.
457 2187 560 2231 1782)
588 2198 613 2221 s.
634 2198 665 2220 v.
695 2188 931 2232 Ξενοφῶντος
957 2187 1043 2221 nihil
1069 2187 1162 2222 aliud
1191 2189 1258 2222 nisi
1284 2199 1373 2232 quae
1397 2188 1455 2222 ille
1482 2189 1523 2223 al

40 2246 214 2279 tuendum
239 2245 346 2279 libelli
373 2256 500 2279 nomen
532 2246 649 2289 affert,
684 2245 748 2279 nisi
781 2246 873 2290 quod
906 2246 1114 2280 testimoniis
1140 2247 1295 2281 externis
1322 2246 1523 2284 Stobaeum,

40 2303 281 2347 Athenaeum,
315 2304 501 2347 Georgium
533 2304 658 2348 Lecap.
685 2305 783 2338 addit
814 2305 869 2349 (de
897 2305 1023 2348 quibus
1049 2316 1081 2339 v.
1111 2317 1141 2348 p.
1164 2305 1263 2348 102),
1303 2307 1339 2339 et
1370 2317 1413 2339 ex
1439 2305 1523 2339 Dio-

41 2363 139 2407 genis
154 2363 280 2396 Laertii
308 2363 359 2405 (ΙΙ
374 2363 433 2406 57)
459 2363 597 2397 silentio
624 2363 658 2397 id
684 2363 794 2397 efficit
813 2367 897 2397 ante
917 2363 1115 2407 Dioycnem
1135 2363 1320 2397 neminem
1340 2364 1524 2398 exstitisse

41 2421 109 2465 qui
132 2421 331 2465 Apoloyiae
357 2425 543 2455 auctorem
569 2422 612 2455 in
637 2422 787 2456 dubium
815 2426 966 2456 vocaret.

161 2478 196 2522 2)
225 2479 332 2514 Velut
356 2479 494 2513 Boeok
505 2480 600 2514 hius
627 2479 692 2524 (De
706 2480 894 2514 simultate
915 2492 1007 2524 quae
1020 2480 1115 2514 Plat.
1132 2492 1215 2514 cam
1228 2480 1319 2514 Xen.
1336 2481 1522 2514 interce-ss.

40 2537 160 2582 fertur
187 2538 275 2572 1811
305 2549 335 2582 p.
358 2539 394 2572 7:
429 2538 705 2572 ‘Valclcenaerii
735 2539 909 2573 acumine
941 2539 1167 2573 subditiuum
1199 2550 1273 2573 esse
1304 2539 1522 2583 Xenophon-

41 2599 135 2631 team
161 2596 365 2630 didicimus
391 2596 689 2641 desensionem'),
718 2598 777 2631 Fr.
798 2597 1079 2632 Thiersebius
1107 2598 1155 2642 (in
1175 2598 1264 2632 Astii
1283 2599 1324 2632 de
1344 2597 1432 2631 Plat.
1453 2598 1524 2631 vita

39 2665 80 2690 ac
112 2655 252 2699 seriptis
283 2655 363 2689 libri
394 2666 542 2690 censura
576 2666 664 2700 quae
697 2658 750 2689 est
781 2656 815 2689 in
847 2655 971 2689 Jahrb.
997 2656 1021 2689 d
1055 2656 1142 2689 Litt.
1174 2656 1323 2690 Vindob.
1347 2656 1437 2690 1818
1468 2656 1523 2689 III

40 2725 72 2758 p.
89 2714 164 2758 91)Ἰ
198 2714 236 2748 F.
255 2715 296 2749 A.
316 2714 499 2748 Wolfius
526 2714 642 2755 (Vorl.
668 2714 757 2748 iiber
782 2714 839 2748 die
866 2714 1130 2748 Altert.-lViss.
1166 2715 1218 2749 ed.
1247 2714 1403 2748 Giirtler.
1432 2714 1519 2748 1831

40 2784 72 2817 p.
91 2772 192 2817 236),
219 2773 260 2807 D.
281 2773 641 2816 wyttenbachius
668 2773 777 2817 (Plat.
805 2773 939 2807 Plzaecl.
966 2773 1017 2807 ed.
1046 2773 1192 2807 auctior
1220 2773 1310 2807 1830
1336 2784 1367 2817 p.
1388 2772 1482 2815 336).

2 2821 5 2829 ’
159 2832 194 2876 3)
225 2831 387 2876 Xenoph.
420 2831 719 2866 memorabilium
753 2832 918 2865 Socratis
950 2831 1130 2865 dictorum
1165 2831 1257 2865 libri
1277 2831 1300 2864 Ι
1306 2831 1341 2865 V.
1381 2831 1463 2865 Rec.
1491 2835 1523 2865 et

0 2913 1 2916 κ
39 2889 192 2934 interpr.
219 2893 269 2924 est
295 2890 372 2924 Jolz.
397 2890 502 2925 Gottl.
524 2890 722 2925 Schneider
750 2890 855 2926 Saxo.
895 2890 986 2934 Lips,
1018 2890 1118 2925 1790.
