1820 3340
704 796 823 843 Pars
860 796 895 843 I.

495 913 577 966 Rei
619 913 775 977 ipsius
815 912 1103 976 disquisitio.

398 1112 430 1168 ξ
454 1112 496 1155 1.
548 1111 617 1155 De
648 1113 864 1155 veterum
896 1110 1200 1154 testimoniis.

174 1197 364 1235 Veterum
390 1197 510 1246 igitur
537 1196 759 1235 testimonia
786 1196 1028 1245 inspicienda
1055 1195 1166 1234 nobis
1193 1199 1284 1233 ante
1305 1196 1434 1233 omnia
1456 1207 1542 1234 esse

56 1270 227 1318 apparet.
279 1267 327 1305 In
359 1280 435 1318 quo
466 1267 505 1305 id
536 1267 644 1305 illico
672 1267 991 1305 constituendum
1021 1270 1099 1304 est:
1132 1266 1235 1304 inter
1255 1270 1410 1304 veteres
1436 1267 1544 1315 ipsos

55 1338 277 1387 ambiguam
320 1338 536 1388 Apologiae
580 1338 769 1386 originem
813 1337 983 1375 habitam
1027 1349 1227 1386 nunquam
1271 1349 1369 1375 esse.
1442 1336 1545 1375 Nam

56 1421 294 1459 quamquam
326 1409 472 1447 mentio
503 1409 588 1447 eius
618 1409 724 1446 haud
756 1409 810 1446 ita
846 1420 932 1445 raro
969 1408 1032 1455 fit,
1069 1420 1265 1457 nusquam
1303 1419 1379 1445 non
1417 1419 1462 1445 eo
1500 1407 1544 1445 fit

55 1480 186 1527 modo,
213 1482 259 1517 ut
279 1479 530 1529 Xenophonti
559 1479 793 1528 simpliciter
819 1490 948 1528 neque
973 1478 1054 1516 ulla
1077 1478 1318 1516 dubitatione
1338 1479 1544 1516 tribuatur.

57 1550 158 1588 Sunt
188 1554 336 1598 autem,
369 1562 468 1600 quae
499 1550 541 1587 in
572 1562 733 1588 censum
756 1549 931 1598 veniant,
963 1549 1038 1586 tria
1070 1549 1240 1587 maxime
1272 1546 1544 1600 testimonia.1)

173 1621 351 1658 Primum
372 1621 586 1670 Diogenem
609 1621 810 1658 Laertium
831 1620 1055 1667 audiamus,
1083 1620 1151 1669 qui
1172 1619 1214 1657 Π
1237 1621 1290 1658 56
1317 1620 1358 1656 in
1385 1630 1545 1657 enume-

56 1692 189 1730 randis
209 1691 486 1742 Xenophontis
509 1691 665 1741 scriptis
687 1691 801 1729 haec:
839 1685 1106 1743 ,,Συνέγραφε
1138 1686 1185 1728 δὲ
1218 1721 1225 1728 .
1249 1720 1256 1727 .
1281 1721 1288 1727 .
1318 1684 1545 1744 Ἑλληνικὰ

58 1757 133 1800 καὶ
162 1755 624 1816 Ἀπομνημονεύματα,
664 1757 919 1812 Συμπόσιόν
956 1773 1002 1800 τε
1039 1756 1114 1799 καὶ
1153 1754 1438 1810 Οἰκονομικὸν
1471 1756 1545 1798 καὶ

57 1828 161 1886 περὶ
194 1826 386 1886 ἱππικῆς
417 1829 491 1871 καὶ
521 1830 810 1887 Κυνηγετικὸν
840 1828 915 1870 καὶ
945 1826 1248 1884 Ἱππαρχικόν,
1278 1825 1546 1883 Ἀπολογίαν

57 1916 103 1942 τε
139 1900 393 1957 Σωκράτους
434 1899 508 1942 καὶ
551 1899 655 1956 περὶ
698 1899 848 1955 πόρων
891 1898 966 1941 καὶ
1000 1898 1168 1955 Ἱέρωνα
1206 1900 1231 1956 ἢ
1273 1897 1544 1954 Τυραννικόν,

56 1968 323 2029 Ἀγησίλαόν
366 1987 412 2013 τε
455 1970 529 2012 καὶ
570 1968 833 2028 )Λθηναίιυν
876 1969 950 2012 καὶ
993 1967 1359 2023 Λακεδαιμονίων
1401 1969 1544 2011 Πολι-

57 2039 185 2093 τείαν,
220 2043 268 2099 ἣν
299 2056 432 2100 φησιν
463 2040 539 2084 οὐκ
571 2036 681 2083 εἶναι
704 2041 979 2098 Ξενοφῶντος
1010 2041 1032 2083 ὁ
1055 2040 1238 2098 ΠΙάγνης
1261 2040 1542 2098 Δημήτριος.“

56 2116 247 2155 Demetrii
267 2116 389 2165 igitur
409 2116 604 2165 Magnetis
626 2116 841 2165 Diogenem
863 2115 975 2165 sequi
997 2115 1269 2153 auctoritatem
1289 2114 1418 2162 vides,
1446 2125 1546 2164 quae

58 2186 164 2225 haud
200 2188 318 2236 plane
350 2186 634 2225 contemnenda
671 2186 769 2224 mihi
801 2185 956 2224 videtur
992 2185 1056 2224 vel
1087 2185 1190 2234 ideo,
1221 2185 1314 2235 quia
1343 2184 1468 2223 libelli
1499 2184 1546 2222 de

59 2257 359 2296 Atheniensium
402 2258 603 2307 republica
644 2257 813 2295 alienam
856 2269 878 2294 a
916 2256 1015 2294 Xen.
1059 2256 1251 2305 originem
1294 2255 1547 2305 perspexisse

60 2339 151 2366 eum
182 2328 432 2368 crediderim:
467 2328 718 2366 coniunctum
750 2327 855 2366 enim
887 2339 978 2366 eum
1009 2339 1098 2365 cum
1120 2327 1210 2365 Lac.
1234 2327 1328 2376 Rep.
1351 2327 1393 2364 in
1423 2338 1548 2364 unum

60 2410 158 2448 opus
191 2399 358 2436 duorum
388 2398 575 2437 librorum
606 2398 789 2436 habuisse
803 2398 832 2448 2)
864 2399 997 2448 itaque
1028 2401 1188 2447 propter
1208 2397 1376 2447 priorem
1397 2399 1547 2447 partem

60 2472 186 2508 totum
217 2481 315 2519 opus
345 2469 501 2507 videtur
532 2469 827 2517 condemnasse,
860 2469 937 2507 nisi
965 2469 1081 2517 forte,
1117 2468 1221 2518 quod
1247 2468 1409 2506 minime
1429 2479 1546 2516 nega-

60 2539 182 2578 verim
219 2540 304 2578 fieri
334 2540 528 2590 potuisse,
566 2539 756 2578 Demetrii
783 2539 1084 2578 Atheniensium
1116 2539 1432 2589 Rempublicam,
1470 2549 1549 2576 non

60 2610 454 2649 Lacedaemoniorum
486 2623 508 2649 a
538 2610 636 2649 Xen.
669 2610 927 2649 abiudicantis
966 2610 1203 2648 sententiam
1236 2610 1430 2659 Diogenes
1461 2620 1548 2658 per-

60 2693 195 2731 peram
225 2681 336 2719 nobis
368 2681 498 2719 tradit.

182 2820 215 2863 1)
240 2820 295 2854 De
321 2819 467 2864 reliquis
493 2820 538 2854 cf.
565 2821 654 2863 part.
675 2819 712 2854 Π
738 2820 809 2863 §Z

179 2878 215 2922 2)
243 2879 344 2921 Quod
376 2879 578 2923 suspicatur
609 2878 715 2913 etiam
746 2877 973 2922 Roquettius,
1013 2878 1056 2912 de
1094 2877 1188 2912 Xen.
1221 2877 1310 2921 vita,
1347 2876 1430 2911 diss.
1462 2876 1548 2920 Reg.

64 2936 155 2972 1884
180 2948 213 2981 p.
232 2938 288 2972 34.
