1820 3340
256 247 310 285 28

374 363 462 401 Non
501 366 581 401 tam
619 363 841 411 manifesta,
886 363 956 401 sed
993 363 1220 412 incorrupto
1257 363 1401 402 iudicio
1440 363 1535 402 satis
1573 363 1746 402 dilucida

253 446 314 472 res
352 434 442 482 erit,
482 434 515 471 si
552 433 738 483 inspicies
776 433 890 471 Mem.
925 432 1016 484 §62
1062 429 1168 482 „ofin
1199 425 1318 472 οἶσθ’
1351 431 1447 473 ὅτιιι
1486 431 1575 473 κτλ.
1638 433 1746 482 Quae

254 505 359 543 enim
402 505 443 542 in
487 504 599 554 Apol.
640 503 663 554 ξ
693 506 716 542 5
764 504 985 554 promiscue
1034 507 1233 554 ponuntur
1275 505 1451 544 notiones
1493 500 1663 554 βέλτιον
1708 508 1747 543 et

254 572 373 628 ἥδιον
405 575 525 625 (quod
556 575 716 625 quidem
749 574 896 613 Graeco
929 587 1109 613 sermone
1140 587 1218 614 non
1248 576 1379 614 minus
1410 576 1495 615 fieri
1526 578 1679 625 poterat
1705 575 1746 613 in

253 646 322 684 tali
359 648 547 684 contextu
579 658 696 695 quam
729 645 994 696 Germanico),
1032 645 1134 684 inter
1165 658 1230 684 eas
1262 646 1462 685 distinctio
1494 650 1674 685 accurata
1703 646 1748 685 fit

254 720 294 754 et
325 716 497 754 maxime
528 716 655 765 logica
685 716 726 753 in
758 716 874 754 Mem.
925 716 977 754 Ut
1007 716 1130 765 igitur
1160 716 1200 754 M
1231 717 1463 767 Apologiam
1494 720 1584 755 ante
1615 716 1748 755 oculos

254 787 436 825 habuisse
473 799 693 835 sumamus,
726 787 919 837 quomodo
951 787 1151 825 distinctio
1182 787 1251 826 illa
1281 788 1330 826 ad
1352 788 1464 838 Apol.
1487 788 1606 826 verba
1637 787 1747 838 quasi

254 858 379 895 attexi
410 857 597 907 potuerit,
636 857 825 896 facillime
857 858 1111 907 perspicitur,
1150 870 1240 896 cum
1279 859 1451 896 nesciam
1482 871 1577 896 num
1609 858 1748 897 eadem

256 929 433 966 dicturus
464 928 583 966 fuerit
604 928 661 977 M,
694 928 772 966 nisi
803 928 916 978 Apol.
948 929 1067 966 verba
1100 929 1137 966 61
1167 941 1303 967 ansam
1324 929 1612 979 praebuissent3
1645 929 1748 978 Apo-

254 999 398 1048 logiam
437 1002 572 1037 contra
609 1011 659 1037 ex
690 998 805 1037 Mem.
839 1002 1065 1048 excerptam
1103 1011 1191 1038 esse
1227 1000 1352 1037 multo
1389 999 1521 1038 minus
1552 999 1751 1038 videbitur

255 1069 469 1120 probabile,
509 1069 691 1119 quoniam
728 1070 906 1108 notiones
943 1070 1034 1108 illae
1072 1071 1120 1108 ab
1152 1070 1193 1108 M
1224 1070 1526 1119 diligentissime
1557 1070 1748 1109 discretae

255 1144 335 1178 tam
374 1153 511 1179 secure
548 1141 852 1178 confunduntur.
886 1163 941 1168 -—
981 1140 1164 1179 Ceterum
1207 1141 1281 1179 hoc
1319 1141 1457 1179 saltem
1495 1141 1579 1179 loco
1616 1153 1750 1179 revera

256 1211 460 1249 emendata
504 1223 591 1249 esse
637 1211 792 1249 videtur
823 1212 954 1260 ApoL:
1001 1224 1090 1250 cum
1130 1212 1234 1249 enim
1273 1212 1314 1249 in
1352 1212 1425 1250 hac
1461 1212 1632 1251 rationes
1670 1224 1750 1261 eae,

255 1294 355 1332 quae
387 1282 532 1320 Socrati
564 1285 729 1320 mortem
762 1282 1056 1331 commendant,
1089 1294 1138 1320 ex
1169 1282 1339 1320 utilitate
1371 1285 1614 1332 repetantur,
1653 1282 1749 1320 adii—

257 1353 357 1391 citur
389 1353 445 1391 eis
476 1353 518 1390 in
539 1353 655 1391 Mem.
678 1353 778 1390 illud
810 1348 914 1401 „noel
936 1349 1213 1391 διανοεῖσθαι
1233 1352 1400 1405 χεῖρον“
1433 1354 1496 1401 (cf.
1519 1353 1636 1391 etiam
1660 1353 1683 1403 ἓ
1707 1354 1749 1391 1;

257 1420 335 1472 „vo
366 1419 444 1473 μὲν
475 1419 784 1473 ἅχθεινότατον
815 1425 890 1462 τοῦ
920 1417 1018 1472 βίου
1049 1419 1123 1462 καὶ
1153 1419 1195 1462 ἐν
1222 1413 1255 1475 ᾧ
1277 1419 1439 1470 πάντες
1459 1421 1535 1477 τὴν
1556 1419 1752 1462 διάνοιαν

256 1498 490 1544 μειοῦνται,
520 1490 785 1542 ἀπέλιπενίί,
819 1507 909 1532 611111
931 1495 1043 1545 Apol.
1071 1494 1094 1546 ξ
1118 1495 1192 1533 32;
1226 1497 1331 1543 „rofi
1360 1489 1438 1544 μὲν
1469 1491 1548 1546 γὰρ
1578 1488 1674 1544 βίου
1701 1491 1751 1533 τὸ

254 1562 566 1614 χαλεπώτατον
605 1560 868 1616 ἅπέλιπε“);
913 1568 1030 1615 atque
1069 1565 1142 1615 sic,
1180 1577 1270 1603 cum
1309 1577 1463 1604 omnem
1493 1565 1677 1603 virtutem
1709 1565 1752 1603 in

259 1636 511 1686 cogitatione,
544 1630 716 1689 διανοίᾳ
748 1636 831 1674 sive
854 1629 1005 1690 σοφίᾳ,
1037 1637 1205 1686 positam
1228 1648 1316 1674 6886
1338 1636 1503 1686 ideoque
1524 1636 1657 1674 attrita
1683 1636 1752 1674 illa

258 1719 308 1745 ne
347 1708 489 1745 bonum
529 1707 689 1757 quidem
721 1707 919 1745 hominem
951 1719 1039 1745 esse
1070 1719 1186 1756 posse
1219 1707 1388 1746 Socratis
1419 1707 1595 1745 doctrina
1625 1707 1752 1745 fuisse

258 1778 439 1815 videatur
450 1777 494 1827 1),
521 1778 597 1815 iam
620 1782 825 1828 propterea
845 1781 1011 1816 mortem
1033 1790 1075 1816 se
1097 1778 1373 1827 concupiscere
1394 1776 1552 1816 videtur
1574 1777 1752 1816 Socrates

258 1849 511 1897 contendere,
544 1849 635 1898 quia
666 1852 861 1897 vereatur,
893 1861 942 1886 ne
974 1849 1186 1887 debilitatis
1219 1852 1419 1887 senectute
1451 1848 1570 1886 animi
1602 1848 1752 1886 viribus

259 1915 428 1972 ἀγαθὸς
459 1931 546 1957 6856
577 1920 776 1957 desiturus
808 1920 870 1959 sit.
912 1920 972 1957 En
1011 1920 1108 1958 ratio
1130 1919 1408 1969 philosophum
1431 1919 1604 1969 profecto
1626 1919 1751 1957 multo

256 1991 382 2039 inagis
408 1991 551 2028 decens
573 2003 691 2040 quam
713 2003 810 2040 quas
831 1991 1025 2040 Apologia
1046 1991 1148 2029 solas
1168 1991 1290 2028 affert.
1331 1991 1384 2028 At
1403 1990 1641 2028 inculcatam
1662 2002 1748 2028 eam

257 2073 344 2100 esse
376 2061 479 2099 inter
510 2061 599 2099 illas
626 2061 814 2099 facillime
837 2062 1093 2110 cognoscitur.
1145 2061 1269 2099 Taceo
1297 2061 1447 2099 nullam
1476 2073 1564 2099 esse
1593 2072 1752 2098 causam

258 2132 339 2170 ullo
371 2133 485 2170 modo
517 2132 776 2181 probabilem,
809 2144 878 2170 cur
903 2132 1015 2181 Apol.
1042 2135 1239 2170 auctorem
1265 2132 1365 2169 illud
1390 2128 1665 2170 διανοεῖσθαι
1691 2131 1752 2170 bis

258 2203 503 2252 expunxisse
536 2203 759 2241 credamus:
792 2206 831 2240 at
862 2203 963 2240 illud
994 2203 1214 2252 putaverim,
1245 2203 1313 2240 vix
1345 2215 1581 2252 quemquam
1605 2202 1751 2240 infitias

259 2285 346 2311 6556
377 2274 543 2322 iturum,
575 2274 747 2312 additam
778 2274 881 2312 hanc
911 2274 958 2312 ab
988 2274 1027 2311 M
1058 2274 1392 2312 ratiocinationem
1423 2285 1513 2312 cum
1545 2273 1618 2323 eis,
1652 2285 1752 2323 quae

259 2388 393 2432 Belang
411 2389 502 2432 zeigt
519 2388 593 2423 sich
612 2388 648 2422 in
667 2389 727 2423 der
741 2388 963 2433 Bemerkung
981 2388 1179 2423 de1·Men1.:
1200 2388 1413 2422 διασκοπῶν
1429 2387 1500 2434 μὲν
1513 2385 1557 2421 τά
1573 2399 1609 2421 τε
1628 2387 1751 2421 δίκαια

259 2449 319 2480 καὶ
352 2447 395 2480 τὰ
428 2447 555 2487 ἄδικα,
588 2447 653 2481 mit
685 2448 747 2481 der
772 2446 934 2481 Socrates
961 2447 1016 2481 die
1042 2446 1319 2491 Untersuchung
1344 2457 1413 2480 von
1439 2446 1553 2480 Recht
1577 2447 1651 2480 und
1676 2446 1752 2480 Un-

260 2506 377 2549 recht,
406 2506 461 2540 die
487 2507 548 2540 das
575 2505 904 2540 bewusst-sittliche
929 2505 1092 2540 Handeln
1119 2507 1192 2539 erst
1217 2505 1436 2549 ermoglicht,
1464 2516 1527 2539 vor
1551 2505 1622 2539 und
1640 2505 1753 2539 neben

261 2565 323 2599 der
348 2564 526 2598 sittlichen
553 2565 614 2599 Tat
640 2565 691 2599 als
716 2564 969 2599 Lebensarbeit
994 2564 1208 2598 bezeichnet.
1249 2564 1554 2598 ΧΥ61161·8011(161Ἰ1
1573 2564 1628 2598 die
1646 2563 1752 2601 Mem,

261 2624 323 2658 das
341 2623 587 2658 Tatverhalten
605 2624 640 2657 in
666 2621 835 2669 πράττων
853 2624 895 2656 τὰ
916 2623 1038 2656 δίκαια
1065 2625 1125 2656 καὶ
1151 2630 1222 2656 τῶν
1249 2623 1382 2656 ἀδίκων
1408 2623 1646 2669 ἀπεχόμενος.
1687 2622 1752 2657 Die

260 2682 360 2726 Apol.
388 2682 565 2726 iibergeht
591 2683 653 2717 das
680 2682 896 2716 διασκοπεῖν
921 2693 1009 2726 ganz
1033 2683 1105 2716 und
1123 2693 1201 2726 gar3
1228 2683 1290 2716 das
1308 2681 1555 2716 Tatverhalten
1573 2681 1753 2715 bestimmt

261 2742 313 2775 sie
345 2753 411 2775 nur
442 2742 582 2786 negativ
608 2742 672 2775 mit
704 2741 811 2775 οὐδὲν
842 2741 970 2775 ἄδικον
1003 2741 1267 2787 διαγεγένημαι
1299 2747 1418 2773 ποιῶν
1422 2766 1522 2774 .....
1574 2740 1620 2775 So
1646 2739 1753 2775 bleibt

262 2800 323 2834 der
348 2800 449 2844 Apol.
475 2800 568 2834 wohl
593 2801 648 2835 die
674 2800 809 2844 Kiirze,
836 2801 904 2834 den
922 2800 1026 2834 Mem.
1055 2800 1139 2834 aber
1165 2800 1226 2834 der
1243 2800 1385 2844 Vorzug
1411 2799 1493 2833 echt
1510 2798 1753 2834 Sokratischer

261 2858 425 2903 Farbung
449 2859 520 2893 und
545 2870 739 2903 genauerer
763 2859 1009 2893 Distinktion.“

384 2918 416 2962 1)
445 2918 496 2952 Cf.
524 2917 715 2961 Zellerum,
742 2918 809 2952 Die
834 2917 964 2951 Philos.
991 2917 1022 2951 d.
1052 2916 1188 2951 Griech.
1216 2916 1252 2951 Π
1280 2917 1369 2960 1,79
1385 2926 1430 2950 ss.
