1820 3340
265 198 347 235 134

260 317 396 352 auctor
427 314 601 352 collocat.
665 313 772 361 Quae
802 316 931 352 autem
970 314 1043 351 hoc
1073 314 1158 352 loco
1196 315 1359 363 profert,
1397 327 1441 354 ea
1478 318 1631 353 tantum
1668 327 1747 354 non

260 384 390 422 omnia
433 396 454 422 e
498 383 728 423 Schneideri
771 384 1043 433 Dindorfiique
1092 384 1407 424 annotationibus
1453 385 1574 423 traxit
1619 396 1748 435 neque

260 467 450 493 novarum
481 454 742 492 offensionum
774 453 985 504 quicquam
1015 454 1269 503 investigavit
1305 455 1382 494 nisi
1413 456 1526 494 haec:
1567 451 1745 506 ἀπομα-

260 519 492 577 ραίνεσθαι
536 524 588 562 ad
623 536 770 562 sanum
807 524 1034 562 moribundi
1070 537 1210 574 eorpus
1246 526 1346 563 male
1381 526 1604 573 eonvenire;
1646 526 1746 564 mire

260 596 338 633 diei
368 592 392 648 ἡ
425 588 524 649 δίκη
555 588 878 649 κατεψηφίσθη
911 595 1047 644 ‘quasi
1077 596 1166 644 ipsa
1196 608 1315 633 eausa
1345 596 1632 643 condemnetur,
1665 608 1747 634 non

259 666 374 704 homo
406 666 476 715 qui
499 666 688 714 petitur&
720 666 770 703 ad
801 660 897 703 oth-e
918 662 996 717 γὰρ
1035 664 1079 717 (§
1103 663 1174 716 24)
1213 666 1315 715 quod
1334 667 1559 716 respondeat
1580 666 1746 704 alterum

258 731 353 774 οὔτε
374 735 522 783 deesse,·
537 734 566 787 1)
588 739 789 785 praeterea
810 736 1003 773 nonnulla
1019 736 1248 785 perobseure
1270 736 1370 775 dieta
1391 749 1472 776 esse
1487 737 1745 786 exprobrat.²)

260 806 444 844 Ceterum
481 806 531 844 ad
569 807 802 844 vocabulum
841 801 1221 857 ἄξιομακάριστος,
1252 819 1329 856 pro
1367 820 1442 856 quo
1479 803 1747 859 μακαριστός

258 876 555 926 Xenophontem
587 889 736 926 semper
767 877 890 915 dicere
911 889 960 914 ex
982 877 1184 915 Dindorfio
1205 878 1365 926 repetit,
1397 877 1616 916 rectissime
1638 880 1747 916 notat

257 947 368 985 verba
398 960 487 985 eum
519 942 644 994 ἅξιο-
676 948 890 996 composita
920 947 1033 985 illum
1066 960 1208 997 mayno
1242 948 1372 986 studio
1410 947 1635 997 amplexum
1667 960 1747 986 esse

257 1018 464 1067 ipsumque
497 1018 623 1056 multa
643 1018 830 1067 firmi-ssa·
852 1018 982 1067 itaque
1005 1019 1147 1065 ίυι”(Ζ63,
1172 1019 1315 1068 inquit,
1338 1018 1563 1067 scriptorem
1578 1022 1745 1068 praeter-

257 1101 378 1137 quam
409 1089 511 1138 quod
540 1089 648 1138 ipsas
679 1089 951 1138 Xenophontis
982 1089 1194 1127 sententias
1224 1089 1408 1138 verbaque
1429 1089 1638 1127 identidem
1658 1101 1746 1127 sur-

256 1159 396 1208 ripuit,
441 1160 611 1197 eiusdem
655 1172 875 1198 sermonem
918 1160 1121 1197 imitatum
1167 1173 1265 1206 esse,
1317 1160 1368 1198 ad
1409 1160 1521 1197 illius
1563 1172 1746 1198 normam

256 1242 403 1267 novum
435 1230 691 1279 composition
724 1230 945 1279 finyentem.
1007 1230 1115 1267 Idem
1146 1230 1339 1268 observa-ri
1370 1230 1452 1268 lieet
1483 1242 1528 1268 ew
1558 1243 1611 1277 eo,
1645 1231 1747 1279 quod

257 1312 300 1337 ea
330 1300 418 1349 ipsa
448 1301 579 1348 verba,
619 1313 714 1349 quae
744 1300 1018 1349 Xenophontis
1047 1300 1213 1349 propria
1251 1304 1364 1347 sunt,
1402 1304 1445 1338 ut
1483 1294 1745 1355 διασαφηνί-

257 1366 353 1418 ζειν,
389 1365 653 1422 ἆμφιλέγειν,
687 1367 986 1422 συμβούλευμα
1015 1371 1259 1420 adsumpsit.'
1317 1370 1456 1409 Nonne
1477 1371 1619 1408 mirum
1642 1371 1745 1421 quod

258 1441 325 1490 qui
356 1442 452 1480 haec
484 1441 685 1490 cognovit,
718 1441 841 1479 nihilo
873 1441 1004 1479 minus
1035 1441 1077 1478 in
1109 1453 1240 1479 errore
1270 1442 1562 1491 perseveravit?

374 1512 459 1549 Iam
490 1512 613 1551 altero
646 1512 935 1550 dissertationis
967 1511 1093 1561 capite
1125 1515 1295 1550 eaetrema
1314 1512 1584 1550 Memorabilia
1604 1516 1637 1550 et
1657 1512 1745 1561 ipsa

256 1594 280 1620 a
310 1582 565 1632 Xenophonte
596 1583 725 1621 aliena
756 1586 868 1632 atque
906 1595 950 1620 eoe
987 1583 1178 1632 Apologia
1215 1584 1385 1632 confecta
1422 1595 1501 1620 esse
1538 1582 1744 1621 ostendere

259 1653 496 1702 aggreditur.
560 1653 725 1691 Etiamsi
756 1656 888 1691 autem
910 1653 957 1691 de
979 1653 1145 1701 ratione,
1179 1666 1277 1703 quae
1299 1654 1392 1691 huic
1414 1666 1503 1691 cum
1524 1653 1602 1691 illis
1624 1653 1745 1691 inter-

256 1723 378 1772 cedit,
411 1727 558 1762 rectam
592 1724 826 1762 sententiam
860 1724 1068 1773 amplexus
1101 1727 1179 1771 est,
1211 1727 1345 1761 tamen
1367 1736 1443 1773 qua
1463 1724 1564 1761 hanc
1586 1726 1743 1761 senten-

254 1794 347 1832 tiam
392 1794 456 1831 via
499 1796 676 1843 oporteat
719 1794 964 1841 confirmare,
1009 1793 1125 1842 longe
1167 1794 1279 1832 abest
1321 1797 1364 1831 ut
1402 1793 1629 1843 perspiciat,
1673 1805 1744 1832 nec

256 1864 552 1902 ratiocinatione
584 1877 688 1903 nunc
721 1864 873 1902 saniore
894 1864 1017 1902 utitur
1039 1877 1155 1914 quam
1177 1867 1292 1902 antea
1312 1864 1353 1902 in
1374 1864 1633 1914 comparanda
1654 1876 1742 1902 cum

255 1934 567 1973 Memorabilium
606 1935 718 1973 initio
750 1935 950 1984 Apologia.
1019 1934 1185 1973 Omnem
1222 1935 1327 1972 enim
1363 1935 1741 1984 argumentationem

255 2006 309 2043 ita
346 2006 536 2053 instituit,
581 2009 625 2043 ut
668 2006 767 2043 hane
803 2005 966 2043 meliora
996 2006 1178 2054 praebere
1216 2006 1337 2044 instet
1373 2009 1492 2056 atque
1528 2005 1742 2044 identidem

254 2076 389 2114 stolide
420 2076 618 2125 inepteque
648 2076 694 2114 ab
725 2076 835 2114 illius
867 2076 1006 2125 eapitis
1037 2079 1209 2123 auetore,
1243 2088 1341 2125 quae
1362 2076 1407 2114 in
1428 2076 1499 2113 hae
1519 2075 1740 2122 invenisset,

256 2150 341 2184 tum
372 2147 533 2184 dilatata
565 2151 650 2184 tum
681 2147 831 2185 omissa
870 2150 953 2184 tum
986 2147 1064 2184 alio
1103 2147 1339 2195 transposita
1376 2146 1496 2194 dicat,
1533 2158 1622 2184 cum
1659 2146 1743 2183 iure

254 2229 331 2255 non
362 2218 512 2255 minore
544 2217 734 2255 contraria
763 2217 860 2254 ratio
881 2217 973 2254 iniri
994 2219 1129 2266 atque,
1161 2229 1261 2266 quae
1282 2217 1524 2266 amplificata
1544 2228 1625 2254 esse
1644 2216 1741 2263 vult,

375 2343 407 2385 1)
434 2343 542 2377 Porro
569 2343 785 2387 ἐπιχαρίτως
817 2344 934 2376 εἰπεῖν
957 2354 1026 2386 pro
1059 2343 1149 2387 πρὸς
1175 2340 1286 2387 χάριν
1319 2344 1436 2376 εἰπεῖν
1462 2343 1500 2386 (§
1513 2343 1567 2386 4),
1608 2342 1740 2375 ἀποτε-

254 2403 400 2434 λεῖσθαι
427 2413 497 2445 pro
529 2402 723 2435 ἀποτελεῖν
755 2402 793 2445 (ἕ
814 2402 867 2444 6),
907 2403 1162 2446 κατακρίνεταί
1189 2414 1258 2447 μοι
1289 2401 1427 2435 omisso
1458 2400 1618 2435 subiecto
1651 2400 1689 2444 (§
1707 2400 1739 2443 7)

253 2460 349 2494 male
374 2459 454 2493 diei
476 2459 569 2503 vult3
597 2460 659 2494 sed
685 2460 742 2494 hic
769 2470 907 2504 quoque
933 2471 952 2494 a
978 2460 1156 2494 Dindorfio
1183 2460 1325 2504 pendet,
1354 2460 1413 2504 qui
1438 2459 1498 2494 illa
1523 2460 1596 2494 sine
1622 2469 1738 2503 repre·

253 2518 422 2553 hensione
449 2520 641 2553 notaverat.

373 2577 407 2620 2)
434 2577 696 2611 Enumerantur
722 2577 823 2612 haec:
857 2578 912 2620 §7
942 2579 977 2610 οῗ
1002 2578 1134 2610 τούτου
1161 2577 1458 2623 ἐπιμεληθέντες;
1492 2577 1549 2621 §8
1575 2579 1606 2610 εἰ
1631 2582 1738 2610 τοῦτο

254 2636 507 2682 διεπραξάμην
533 2638 567 2670 et
592 2638 650 2669 καὶ
677 2638 777 2682 μάλα
805 2636 921 2681 ἔρημα
948 2642 1019 2668 τῶν
1045 2637 1291 2680 εὐφροσυνῶν,
1324 2647 1416 2680 quae
1441 2638 1616 2680 corrupta
1640 2634 1737 2669 vide-

253 2698 384 2735 antur;
425 2695 480 2738 §9
506 2697 635 2737 καλῶν,
665 2706 735 2739 pro
762 2706 830 2738 quo
857 2701 976 2740 τιμῶν
1002 2695 1198 2728 dicendum
1223 2694 1343 2737 fuisse
1369 2695 1507 2737 censet,
1547 2692 1626 2737 §32
1652 2696 1738 2726 θεο-

253 2754 360 2797 φιλὴς
384 2756 516 2798 μοῖρα,
545 2754 636 2798 quod
653 2753 826 2797 improbat
853 2757 954 2787 ‘eum
971 2752 1031 2786 dii
1046 2764 1121 2786 non
1139 2753 1264 2797 ipsam
1282 2756 1448 2793 mortem,
1475 2752 1537 2786 secl
1553 2750 1736 2786 hominem

253 2811 454 2855 diliyantss·
481 2812 631 2855 denique
658 2812 738 2855 §33
765 2813 988 2855 προσάντης,
1017 2812 1108 2855 quod
1135 2811 1217 2855 qiiid
1244 2810 1310 2845 sibi
1335 2810 1443 2845 vellet
1467 2820 1511 2844 ne
1537 2809 1738 2844 Dindoffius

256 2870 397 2913 quidem
425 2869 612 2913 intellegit,
641 2880 747 2913 quare
774 2871 827 2904 sat
852 2871 985 2904 temere
1013 2871 1196 2914 προσηνής
1223 2870 1254 2904 ei
1280 2869 1443 2903 substitui
1470 2869 1581 2903 iussit.
