1820 3340
1462 232 1542 269 133

68 347 170 385 notat
201 346 252 396 (p.
278 345 488 393 19—20).
550 346 602 382 At
632 345 931 394 Xenophontem
963 345 1003 382 in
1025 346 1282 384 usitatissimo
1313 346 1382 384 illo
1405 359 1544 386 causae

65 416 253 455 dicendae
276 426 431 463 genere,
453 415 555 464 quod
577 427 627 453 ne
648 415 843 453 Periclem
866 415 1024 465 quidem
1048 420 1251 464 gravatum
1274 428 1360 454 esse
1382 420 1544 463 constet,

65 498 142 524 non
174 485 383 523 offendisse
416 485 510 534 quid
542 486 713 523 mirum?
745 509 799 513 —
833 486 952 523 Porro
973 485 1082 523 illam
1104 486 1151 524 de
1172 486 1256 524 litis
1277 487 1545 525 aestimatione

64 556 331 606 quaestionem
369 556 442 593 hoc
473 555 587 593 modo
626 555 835 605 disceptat,
874 559 918 593 111
957 556 1077 593 dicat:
1116 556 1325 605 ‘Dioqenes
1362 557 1545 594 Laertius

63 625 346 674 Eubulidesqae
377 625 624 662 consentiant
663 638 752 663 cam
784 626 945 663 Platone
977 627 1155 675 quamvis
1186 627 1381 664 diversum
1412 628 1545 664 drach·

65 708 220 734 marum
256 707 466 733 mimeram
509 696 677 743 referant
684 710 701 743 ,·
744 695 866 744 igitar
908 696 950 733 id
992 697 1094 745 qaod
1130 697 1340 745 Apoloyiae
1382 698 1545 746 scriptor

62 767 168 813 dicit,
201 778 313 803 nemo
345 766 486 803 credet.’
548 766 724 804 Profecto
755 766 850 804 artis
882 766 1040 804 criticae
1061 767 1303 816 praeclarum
1326 768 1541 817 specimen!

62 859 116 864 —-
153 836 256 874 Exin
287 839 577 886 praeposteram
613 837 894 874 sententiarmn
933 837 1249 886 compositionem
1291 838 1439 876 auctori
1476 850 1543 876 ex-

61 907 230 956 probrat,
278 906 465 956 quomam
492 910 583 955 post
614 907 674 955 ἕξ
697 908 754 944 22
786 910 820 944 et
853 907 928 953 23,
974 907 1115 956 quibas
1145 920 1328 956 perorare
1359 909 1542 956 videatur,

61 977 184 1015 denuo
228 977 422 1015 Socratem
465 977 760 1014 criminationes
803 977 1036 1025 refellentem
1080 978 1249 1015 inducat.
1314 979 1543 1027 ‘Manifesta

60 1047 148 1085 haec
191 1051 261 1094 est,
294 1047 438 1096 inquit,
478 1047 659 1084 Platonis
696 1047 905 1096 Apoloffl'ae
948 1047 1139 1094 imitatiO,
1185 1048 1229 1085 in
1273 1060 1351 1097 (lua
1388 1049 1543 1097 quidem

64 1117 235 1155 Socrates
267 1130 290 1154 a
320 1117 515 1154 iudicibus
546 1117 684 1166 capitis
716 1117 928 1155 (lemmatas
952 1130 1083 1166 pauca
1115 1118 1224 1155 verba
1254 1118 1373 1167 facit,·
1414 1122 1543 1157 tamen

58 1200 145 1225 cam
177 1187 257 1225 illie
287 1200 311 1224 a
342 1187 535 1225 iudicibus
558 1190 682 1236 petat,
714 1191 758 1225 ut
789 1191 993 1234 maneant,
1026 1188 1087 1225 hic
1120 1188 1194 1226 tale
1215 1189 1309 1237 qaid
1329 1201 1410 1226 non
1430 1190 1540 1237 facit,

60 1261 101 1295 at
129 1258 363 1307 patientiam
401 1257 578 1295 ‘iudicum
622 1258 667 1295 in
703 1258 808 1296 iram
846 1259 1127 1296 concitatoram
1170 1259 1344 1296 mireris’
1381 1258 1433 1309 (p.
1461 1261 1540 1306 20).

58 1327 163 1366 Num
193 1328 313 1376 igitur
344 1328 426 1366 solo
457 1328 525 1365 illo
564 1323 672 1365 ἄλλά
709 1340 785 1377 μοι
823 1322 1122 1380 παραμείνατε
1158 1333 1361 1368 τοσοῦτον
1396 1325 1542 1381 χρόνον

57 1398 230 1436 iudicum
268 1398 382 1436 istam
420 1398 646 1447 patientiam
685 1399 864 1436 effectam
902 1411 990 1437 esse
1027 1399 1201 1448 Langius
1238 1400 1429 1438 credidit?
1489 1401 1542 1438 Ut

58 1468 223 1506 missum
253 1468 442 1506 faciamus
473 1472 669 1506 auctorem
701 1469 831 1518 ipsum
863 1470 1037 1518 profiteri
1069 1482 1146 1507 non
1176 1470 1216 1507 id
1248 1482 1290 1508 se
1322 1470 1466 1520 egisse,
1498 1475 1542 1509 111

58 1539 186 1577 omnia
216 1539 486 1588 perscriberet.
548 1540 679 1589 Atque
715 1539 784 1577 vix
820 1539 963 1588 magis,
1001 1540 1133 1588 credO,
1174 1541 1451 1579 commovearis
1483 1553 1541 1589 00,

58 1609 161 1659 quod
191 1609 239 1647 de
269 1612 519 1659 praepostero
551 1609 687 1648 ordine
718 1610 830 1659 dicit;
864 1622 912 1647 an
943 1610 984 1647 in
1015 1611 1131 1648 rebus
1163 1611 1367 1649 narrandis
1396 1612 1541 1649 servari

57 1679 194 1728 utique
224 1680 366 1718 debere
388 1692 478 1717 eum
501 1680 693 1727 ordinem,
726 1693 802 1730 quo
824 1681 949 1718 factae
971 1684 1079 1729 sunt,
1113 1681 1247 1731 ecquis
1270 1682 1540 1720 contenderit?

59 1749 116 1787 De
150 1749 405 1788 similitudine
435 1754 567 1788 autem
599 1751 808 1800 Apologiae
839 1751 1062 1790 Platonicae
1084 1752 1179 1801 quid
1200 1752 1455 1790 iudicandum
1478 1752 1540 1800 sit,

59 1831 176 1869 supra
207 1832 404 1869 exponere
437 1821 564 1858 conati
596 1833 745 1859 sumus.
782 1844 836 1848 -—
868 1822 1072 1860 Postremo
1094 1822 1409 1860 vaticinationem
1429 1823 1541 1860 illam

58 1889 101 1927 cle
130 1890 255 1939 Anyti
283 1890 386 1939 filio,
419 1903 513 1940 qaae
544 1891 718 1929 hominis
749 1892 801 1929 sit
831 1892 1023 1929 malitiosi
1049 1896 1162 1942 atque
1182 1893 1349 1942 indicna
1373 1893 1538 1940 Socrate,

57 1963 89 1997 et
120 1960 249 2009 ipsam
280 1973 298 1998 e
329 1961 492 1999 Platone
521 1962 684 2010 sluoeisse
720 1962 831 2011 ponit
869 1963 916 2012 (p.
942 1963 1030 2013 21);
1070 1963 1140 2000 sed
1178 1963 1244 2001 hic
1282 1975 1435 2013 quoque
1473 1963 1540 2001 de-

57 2034 272 2069 monstrare
303 2031 446 2069 omittit
482 2043 557 2070 non
590 2032 721 2080 modo,
760 2044 829 2070 cur
866 2033 981 2070 aliam
1021 2033 1324 2082 explicationem
1362 2045 1425 2072 res
1463 2045 1539 2071 non

57 2101 196 2139 habeat
206 2100 251 2151 l),
285 2102 353 2139 sed
385 2102 520 2150 etiam,
552 2105 596 2140 ut
617 2103 782 2140 imitatio
804 2106 971 2151 constet,
1004 2115 1073 2141 cur
1093 2103 1314 2153 Xenophon
1335 2104 1539 2142 Platonem

56 2171 232 2209 imitatus
264 2183 352 2210 esse
383 2172 601 2210 existimari
633 2185 710 2211 non
740 2174 876 2222 possit.

173 2253 366 2304 Pleraque
402 2254 523 2303 igitur
554 2267 705 2303 eorum,
743 2267 844 2305 quae
881 2256 1055 2305 Langius
1092 2256 1358 2306 reprehendit,
1396 2256 1540 2294 iniuria

57 2323 292 2372 reprehendi
322 2325 504 2363 vidimus.
567 2325 644 2364 Sed
688 2338 738 2363 ne
774 2326 816 2363 in
845 2326 896 2364 iis
929 2327 1103 2376 quidem,
1148 2339 1247 2376 quae
1285 2327 1429 2365 habent
1467 2327 1538 2364 ali-

57 2405 172 2442 quam
203 2394 526 2444 vituperationem
558 2396 909 2444 dubitationemve,
948 2397 1077 2435 inesse
1109 2397 1342 2447 quidquam,
1381 2397 1486 2448 quod
1517 2410 1540 2436 a

56 2463 316 2513 Xenophonte
347 2466 551 2504 abhorrere
582 2466 768 2504 affirmari
800 2467 941 2516 possit,
973 2467 1050 2505 nisi
1072 2467 1335 2516 praeiudicata
1356 2468 1539 2517 opinione

56 2533 226 2582 ducaris,
262 2534 515 2584 intellegeris.
578 2535 690 2583 Quod
727 2537 775 2574 ad
812 2537 968 2575 dicendi
1006 2549 1160 2587 quoque
1196 2550 1321 2586 genus
1359 2538 1537 2588 pertinet,

55 2603 95 2640 in
133 2616 209 2653 quo
256 2606 450 2654 exigendo
493 2606 683 2656 reliquam
727 2606 845 2644 huius
889 2607 1028 2656 capitis
1064 2610 1217 2656 partem
1261 2607 1311 2659 (p.
1344 2608 1536 2657 21—28)

175 2765 209 2807 1)
235 2764 313 2798 Nisi
338 2758 429 2809 quod
455 2765 642 2800 verborum
673 2767 857 2812 βούλομαι,
889 2767 926 2800 δὲ
958 2769 1018 2800 καὶ
1049 2767 1119 2811 ἐγὼ
1139 2768 1409 2814 χρησμῳδῆσαί
1438 2781 1472 2801 τι
1503 2769 1539 2802 et

56 2823 96 2855 τὸ
123 2821 160 2856 δὲ
187 2822 229 2865 δὴ
254 2823 348 2869 μετὰ
380 2830 487 2857 τοῦτο
519 2825 694 2870 ἐπιθυμῶ
721 2825 988 2871 χρησμῳδῆσαι
1019 2826 1282 2862 similitudinem
1314 2827 1430 2869 affert,
1463 2827 1536 2861 for-

56 2881 182 2915 tuitam
207 2883 326 2917 nostra
351 2883 532 2916 sententia.
