1820 3340
1474 275 1552 313 101

80 389 197 428 Dion.
219 388 304 426 Hal.
336 388 543 436 ascriptam
584 388 722 426 1735&
735 388 793 435 R,
833 389 972 438 quippe
1003 389 1045 426 in
1077 389 1218 437 quibus
1250 390 1440 438 Apologia
1476 403 1556 428 non

79 461 320 503 memoretur,
353 457 529 495 nondum
560 457 687 506 fuisse
718 470 802 495 eam
824 461 908 495 tum
931 459 1111 507 temporis
1132 458 1308 496 avulsam
1331 459 1555 498 documento

78 542 174 579 esse3
218 539 315 578 quae
352 527 634 576 argumentatio
672 530 752 565 tota
789 539 810 565 e
849 528 1078 577 scriptorum
1117 528 1270 566 silentio
1307 529 1424 567 ducta
1461 530 1555 579 quid

76 599 221 648 valeat,
252 600 369 648 patet.
433 597 640 635 Postmodo
665 601 818 646 partem
850 598 1164 636 Memorabilium
1202 602 1411 637 esctremam
1448 612 1555 649 sepa-

75 669 195 706 ratim
224 668 403 717 scriptam
438 679 534 714 esse,
573 668 721 705 sensim
752 680 776 705 a
808 668 902 705 libro
934 672 1134 716 secretam,
1173 669 1216 706 id
1251 670 1353 718 quod
1389 670 1478 718 fieri
1514 683 1554 708 eo

73 739 232 786 facilius
255 738 460 787 potuisset,
494 738 587 787 quia
604 738 736 787 plures
767 738 810 775 id
836 751 960 787 yenus
992 738 1081 776 libri
1111 739 1176 777 illo
1206 743 1370 789 tempore
1391 741 1553 778 circum-

71 809 266 857 ferrentur
271 822 288 856 ,·
319 809 369 845 ad
399 812 614 846 extremum
644 808 850 857 confecisse
888 809 1075 857 aliquem,
1114 822 1203 846 cum
1240 810 1550 848 Memorabilium

71 879 190 928 finem
232 879 477 917 commodum
522 879 768 925 desideraret,
814 879 1025 928 Apoloyiae
1068 892 1135 928 ope
1178 884 1292 930 caput
1329 880 1430 918 illud
1465 881 1553 918 sub-

71 949 248 988 ditivum.

190 1019 429 1069 Quamquam
461 1020 582 1069 igitur
615 1032 706 1058 sane
745 1020 843 1058 scita
880 1024 971 1058 sunt
1008 1033 1096 1058 oum
1134 1021 1210 1058 alia
1247 1024 1331 1059 tum
1369 1033 1468 1071 quae
1506 1021 1553 1059 de

71 1089 257 1128 librorum
300 1090 571 1139 Xenophontis
616 1090 900 1128 Socraticorum
943 1090 1136 1128 aetatibus
1180 1091 1339 1130 Geelius
1382 1091 1552 1137 disserit,

69 1163 202 1198 tamen
233 1161 281 1198 ad
310 1161 576 1210 quaestionem
598 1164 771 1199 nostram
794 1160 1097 1205 diiudicandam,
1130 1162 1220 1211 quia
1242 1162 1551 1200 Memorabilium

70 1243 158 1268 cum
191 1231 380 1281 Apologia
411 1231 738 1281 comparationem
771 1231 889 1269 etiam
919 1230 1046 1268 levius
1070 1231 1339 1270 Bornemanno
1361 1235 1399 1270 et
1420 1233 1551 1270 minus

67 1304 247 1339 accurate
278 1305 489 1339 exsecutus
521 1303 597 1349 est,
629 1305 783 1340 tantum
816 1314 893 1339 11011
924 1301 1024 1339 nihil
1056 1302 1235 1340 contulit.

552 1439 584 1494 ξ
606 1441 649 1483 7.
706 1440 773 1482 De
806 1440 1064 1495 Caspersio.

184 1523 332 1562 Eodem
362 1536 479 1572 anno,
512 1536 588 1574 quo
612 1523 773 1563 Geelius
804 1525 873 1562 illa
895 1525 1070 1575 scripsit,
1102 1526 1315 1565 acerrimus
1338 1527 1549 1576 Apologiae

67 1594 219 1632 exstitit
239 1594 484 1632 adversarius
507 1595 841 1645 Caspersius1).
881 1595 955 1643 Qui
976 1596 1193 1646 tripertitae
1214 1597 1550 1636 commentationis

184 1665 219 1714 Ι)
250 1669 360 1714 parte
392 1665 515 1714 prima
547 1666 598 1715 (p.
626 1667 869 1717 101—107)
906 1671 1068 1705 externa
1098 1672 1328 1716 argumenta
1359 1681 1381 1705 a
1406 1668 1548 1706 Borne-

67 1747 207 1773 manno
239 1740 466 1774 enumerata
496 1736 729 1785 singillatim
760 1737 917 1775 refellit.
981 1738 1130 1775 Locum
1161 1738 1284 1787 igitur
1304 1750 1323 1776 e
1343 1739 1548 1777 rhetoricae

66 1805 259 1854 Dionysio
290 1806 411 1844 Halic.
444 1806 631 1855 ascriptae
661 1820 741 1856 cap.
764 1807 853 1845 XII
883 1808 929 1845 ab
966 1808 1032 1845 illo
1072 1808 1275 1846 laudatum
1312 1809 1452 1847 idcirco
1491 1822 1549 1847 re-

56 1876 276 1925 jiciendum
313 1888 409 1923 esse,
455 1877 549 1925 qza'a
591 1890 673 1914 non
715 1878 759 1915 de
797 1878 1006 1927 Apoloyia,
1051 1879 1117 1916 scd
1153 1879 1196 1916 de
1232 1879 1549 1917 Memorabilibus

65 1958 190 1984 sermo
222 1947 272 1983 sit
303 1951 407 1984 recte
438 1950 588 1996 censet3
628 1948 695 1986 sed
729 1948 857 1986 minus
888 1952 991 1986 recte
1023 1949 1126 1986 hunc
1163 1949 1293 1987 locum
1330 1962 1419 1988 cum
1451 1950 1548 1988 Bor-

65 2017 256 2054 nemanni
285 2018 474 2055 sententia
501 2030 678 2066 puynare
709 2019 810 2066 vult,
851 2019 1000 2057 scilicet
1032 2019 1136 2069 quod
1168 2020 1380 2069 Apologiae
1418 2020 1548 2059 Xeno-

64 2087 256 2137 phonteae
286 2087 340 2125 ibi
372 2088 517 2126 mentio
549 2101 624 2126 non
656 2089 712 2128 fit.
774 2088 874 2126 Tum
896 2090 1085 2127 Athenaei
1113 2090 1379 2140 Diogenisque
1401 2091 1547 2129 Laertii

64 2157 288 2195 testimonia
299 2157 327 2208 2)
358 2158 412 2195 ita
443 2158 660 2207 redarguit,
692 2162 736 2196 ut
767 2163 922 2197 moneat
953 2160 1060 2197 hciud
1089 2173 1178 2198 raro
1201 2164 1410 2210 utrumque
1431 2161 1547 2199 libros

66 2228 254 2277 quosdam
284 2229 336 2266 iis
367 2229 588 2267 auctoribus
621 2230 800 2277 tribuere,
849 2243 873 2267 a
917 2231 1058 2279 quibus
1100 2232 1331 2280 compositos
1368 2244 1430 2269 eos
1467 2244 1547 2270 non

65 2310 142 2336 esse
174 2298 481 2337 demonstratum
511 2300 583 2347 sit,
622 2301 723 2338 velut
754 2301 1005 2350 Xenophonti
1036 2302 1282 2350 Agesilaum,
1323 2302 1465 2340 librum
1504 2303 1547 2341 de

63 2381 103 2406 re
134 2370 318 2418 equestri,
369 2370 659 2419 Cyneyeticum,
708 2371 923 2420 Vectiyalia.
985 2372 1174 2409 Athenaei
1208 2376 1407 2421 praeterea
1445 2374 1546 2411 testi-

63 2440 244 2477 monium
275 2452 316 2477 eo
348 2440 587 2490 labefactari,
622 2442 724 2490 quod
754 2442 817 2479 ille
847 2442 960 2490 facile
989 2443 1125 2480 induci
1154 2443 1345 2492 potuerit,
1384 2447 1428 2481 ut
1466 2444 1546 2493 ipse

62 2508 315 2558 Xenophonti
346 2511 523 2549 tribueret
554 2512 803 2561 Apolofsiam:
842 2512 932 2550 haec
962 2513 1085 2559 enim,
1119 2513 1264 2563 inquit,
1304 2513 1434 2551 ‘cuius
1465 2526 1545 2551 vere

182 2637 215 2678 1)
246 2635 298 2670 De
330 2636 510 2680 Apoloyia
544 2636 641 2671 Socr.
676 2637 911 2681 Xenophonti
947 2637 1201 2672 abiudicanda
1275 2638 1438 2682 Scripsit
1476 2639 1543 2673 Gu.

68 2692 237 2737 Caspers,
281 2694 483 2739 Gymnasii
512 2695 830 2739 Rechlinyhusani
865 2696 1101 2740 superiorum
1140 2697 1317 2731 ordinum
1355 2697 1544 2741 Μαρίείθν.

63 2750 169 2786 Cuius
194 2753 496 2788 commentationis
521 2754 631 2788 triens
657 2755 729 2788 fere
750 2765 779 2788 a.
804 2754 890 2789 1836
906 2755 1019 2789 editus
1040 2757 1094 2789 est
1114 2755 1147 2788 in
1169 2766 1282 2800 progr.
1298 2767 1418 2800 gymn.
1432 2755 1544 2798 illius3

61 2810 133 2844 ‘tota
158 2811 249 2845 inest
273 2811 308 2845 in
334 2812 449 2846 Jahnii
476 2812 600 2846 Annal.
627 2812 753 2848 Philol.
781 2812 899 2856 Suppl.
920 2813 1006 2847 VIII
1033 2813 1153 2858 (1842)
1180 2814 1424 2857 p.101—140.

179 2868 215 2913 2)
242 2869 407 2905 Ceterum
432 2870 604 2905 Demetrii
629 2871 805 2915 Magnetis
837 2882 857 2906 a
887 2871 1044 2916 Diogene
1076 2872 1222 2917 laudati,
1256 2883 1467 2918 quamquam
1501 2873 1544 2907 de

62 2936 102 2961 eo
128 2927 392 2963 Bornemannus
418 2932 616 2973 monuerat,
642 2930 811 2965 rationem
839 2941 909 2965 non
934 2930 1049 2965 habet.
