1820 3340
1453 263 1504 299 51

24 375 172 413 Eadem
202 374 324 423 igitur
353 374 500 412 ratione
532 375 596 413 hic
625 386 794 424 aequum
825 378 886 412 est
912 374 1089 423 judicare
1122 378 1180 426 et,
1212 388 1300 414 cum
1332 377 1370 413 in
1406 378 1507 426 Apo-

24 444 168 494 logiam
198 444 265 482 ille
297 444 407 482 locus
439 445 620 494 quadret,
652 445 693 482 in
715 444 981 483 Memorabilia
1012 445 1117 483 haud
1148 445 1261 484 item:
1295 447 1507 496 Apologiae

24 514 191 553 auctoris
222 526 311 552 eum
342 526 447 562 esse,
479 515 646 552 alterum
677 518 809 553 autem
842 526 892 552 ex
913 515 1105 565 Apologia
1136 528 1226 554 eum
1258 517 1507 566 surripuisse,

25 585 274 623 constituere.

142 654 278 693 Totam
309 654 479 704 denique
516 655 740 693 intueamur
776 656 936 693 alteram
974 656 1083 693 illam
1122 656 1290 695 Socratis
1327 657 1367 694 in
1406 659 1507 707 Apo-

23 725 126 773 logia
156 725 367 763 orationem
400 725 483 762 sive
513 726 645 774 potius
677 726 979 775 perorationem,
1019 738 1069 764 ex
1107 739 1183 776 qua
1218 727 1339 765 istum
1377 727 1507 766 locum

22 795 192 832 vidimus
224 798 423 844 sumptum
456 807 552 833 esse.
614 795 724 834 Hanc
755 796 859 834 enim
890 796 935 844 ii,
969 796 1035 846 qui
1066 797 1280 846 Apologiae
1311 801 1508 836 auctorem

22 864 339 903 Memorabilibus
371 877 458 903 esse
479 877 596 903 usum
618 869 795 914 censent,
828 866 970 915 partim
993 878 1043 904 ex
1065 866 1376 906 Memorabilium
1398 881 1507 917 para-

22 935 183 985 graphis
225 935 323 983 illis,
372 936 421 973 de
465 936 607 985 quibus
652 936 765 974 modo
809 936 1000 984 diximus,
1045 937 1186 986 partim
1237 950 1288 976 ex
1331 938 1420 975 libri
1448 939 1506 976 IV

22 1005 160 1055 capitis
193 1006 356 1044 extremi
389 1005 439 1057 ἓξ
464 1008 486 1044 9
521 1010 559 1044 et
594 1007 645 1044 10
678 1019 767 1044 eum
790 1007 1023 1056 sumpsisse,
1056 1007 1207 1057 reliqua
1238 1009 1286 1046 de
1308 1021 1378 1046 suo
1398 1009 1507 1046 addi-

22 1075 126 1114 disse
156 1088 233 1114 non
264 1079 448 1125 poterunt
478 1088 556 1114 non
589 1079 770 1115 statuere.
833 1077 954 1127 Atqui
986 1089 1102 1127 quam
1134 1077 1192 1114 illi
1230 1079 1285 1116 ita
1316 1080 1506 1117 consarci-

22 1149 153 1184 natam
197 1158 350 1184 sumere
393 1150 601 1195 coguntur,
648 1159 764 1197 quam
809 1147 979 1197 simplex
1023 1151 1084 1185 est
1127 1151 1167 1186 et
1208 1150 1315 1198 apta!
1379 1148 1506 1196 Quare

23 1220 165 1265 quanto
202 1216 356 1254 facilius
394 1220 455 1255 est
491 1220 593 1255 teste
625 1217 810 1255 Cicerone
846 1221 937 1267 apta
968 1218 1198 1267 dissolvere,
1237 1231 1353 1269 quam
1391 1220 1507 1258 dissi—

22 1290 112 1335 pata
144 1290 388 1336 connectere,
421 1290 528 1325 tanto
560 1291 620 1325 est
650 1288 889 1337 probabilius
922 1300 971 1326 ex
1003 1289 1115 1338 Apol.
1147 1289 1216 1326 illa
1246 1289 1287 1326 in
1318 1290 1506 1328 Memora-

23 1357 115 1395 bilia
146 1369 262 1407 quam
294 1370 344 1395 ex
374 1357 690 1397 Memorabilibus
721 1359 762 1395 in
793 1359 1023 1408 Apologiam
1054 1359 1242 1397 translata
1272 1372 1368 1398 esse.

143 1426 397 1478 Quacumque
428 1428 549 1477 igitur
587 1441 637 1466 ex
668 1432 777 1479 parte
814 1441 897 1467 rem
935 1429 1245 1479 consideramus,
1284 1442 1353 1469 seu
1390 1432 1507 1469 verba

23 1497 230 1548 utriusque
263 1499 399 1548 scripti
433 1510 501 1537 seu
535 1500 751 1537 sententias
782 1503 1067 1550 pertentamus,
1105 1500 1146 1537 in
1177 1513 1295 1538 unam
1327 1501 1506 1540 eandem-

23 1581 97 1618 que
130 1580 285 1618 semper
315 1569 417 1606 viam
449 1570 564 1607 modo
595 1570 791 1608 allicimur
821 1571 935 1608 modo
973 1571 1245 1620 compellimur
1276 1572 1506 1610 convenien-

20 1639 94 1677 tias
126 1639 444 1689 differentiasque
483 1652 614 1678 eorum
652 1640 886 1690 explicandi.
948 1641 1117 1690 Egregie
1155 1645 1285 1679 autem
1324 1643 1507 1681 convenit

20 1721 66 1747 ac
96 1709 161 1747 vel
198 1709 239 1747 in
271 1709 437 1759 singulis
475 1710 697 1761 quibusque
735 1712 851 1749 rebus
888 1711 1068 1760 congruit
1080 1710 1107 1761 1)
1146 1724 1235 1750 cum
1273 1712 1390 1751 huius
1428 1713 1506 1751 dis-

22 1780 243 1829 quisitionis
286 1780 395 1818 exitu
440 1792 501 1829 ea,
552 1793 666 1831 quam
712 1782 759 1819 de
803 1782 1017 1831 Apologiae
1062 1794 1151 1820 cuin
1195 1782 1506 1821 Memorabilium

22 1853 133 1900 parte
176 1854 351 1889 extrema
394 1851 621 1899 cognatione
663 1852 889 1900 habuimus,
935 1864 1171 1902 quamquam
1215 1853 1297 1891 suis
1340 1856 1505 1903 utraque

22 1921 238 1959 rationibus
269 1921 449 1958 instituta
480 1922 528 1959 ab
558 1921 680 1960 altera
712 1922 820 1960 nulla
841 1934 891 1960 ex
912 1926 1023 1971 parte
1043 1923 1204 1973 pendet,
1238 1923 1370 1973 itaque
1401 1925 1505 1973 Apo-

21 1992 165 2041 logiam
179 1995 269 2029 ante
283 1991 548 2029 Memorabilia
569 1992 829 2042 conscriptam
852 2004 938 2031 esse
953 1993 1101 2042 liquido
1116 1993 1190 2030 iam
1211 1993 1388 2042 judicare
1400 1994 1504 2032 licet.

405 2142 436 2196 ἓ
460 2142 503 2185 6.
562 2142 630 2185 Β6
662 2144 816 2186 aetate
850 2143 1119 2197 Apologiae.

139 2237 223 2286 Qua
260 2239 342 2276 fere
385 2242 510 2276 aetate
548 2239 737 2288 Apologia
774 2240 993 2288 conscripta
1030 2251 1118 2277 esse
1155 2240 1335 2277 videatur
1377 2240 1505 2290 inqui-

20 2313 152 2347 rentes
183 2320 394 2358 possumus
425 2309 582 2358 quidem
614 2322 695 2347 rem
733 2310 782 2347 ad
812 2309 989 2359 proxima
1020 2311 1182 2357 referre,
1219 2311 1286 2347 ubi
1317 2310 1505 2348 Memora-

20 2380 166 2417 bilibus
209 2391 294 2417 eam
332 2379 499 2429 priorem
538 2391 625 2418 esse
662 2380 993 2418 demonstravisse
1036 2380 1148 2418 nobis
1191 2381 1389 2430 videmur3
1435 2381 1505 2419 sed

21 2462 96 2500 quo
128 2450 252 2499 magis
284 2450 434 2488 munito
465 2450 638 2500 undique
676 2454 715 2489 et
754 2451 925 2489 stabilito
963 2451 1076 2500 quasi
1113 2451 1367 2490 fundamento
1401 2452 1504 2500 judi-

21 2520 124 2558 cium
156 2520 319 2570 nitatur,
352 2532 454 2558 nova
485 2521 549 2559 hic
580 2533 738 2571 quoque
770 2525 810 2559 et
841 2521 1053 2570 peculiaria
1085 2521 1230 2559 indicia
1255 2534 1390 2559 eruere
1421 2525 1505 2560 ten-

20 2591 201 2642 tabimus,
225 2590 365 2640 quibus
388 2591 492 2640 quod
513 2591 598 2628 61118
620 2591 704 2629 fieri
726 2591 851 2640 possit
878 2594 1043 2629 aetatem
1065 2592 1187 2629 libelli
1209 2593 1504 2630 constituamus,

141 2740 174 2780 1)
202 2739 358 2774 Platonis
384 2739 574 2784 Apologiae
599 2739 784 2784 utrobique
811 2740 958 2785 vestigia
983 2740 1184 2774 invenimus
1208 2741 1293 2774 satis
1310 2740 1505 2784 luculenta,

21 2809 148 2843 pauca,
175 2809 265 2842 quae
290 2809 413 2842 parum
441 2799 624 2832 commoda
650 2798 876 2842 videbantur,
904 2800 938 2832 et
964 2799 1019 2832 hic
1046 2800 1080 2833 et
1105 2798 1175 2832 illic
1201 2801 1366 2843 exempta
1392 2799 1505 2844 (velut

20 2856 121 2901 Apol.
148 2858 200 2901 §7
228 2859 262 2891 et
287 2858 395 2901 §11),
421 2857 555 2901 reliqua
580 2857 825 2892 additamentis
850 2857 1026 2892 interdum
1052 2868 1119 2891 non
1139 2857 1278 2892 absonis
1296 2858 1505 2902 amplificata

21 2918 56 2950 et
81 2915 114 2949 in
142 2915 295 2960 speciem
323 2916 496 2960 quandam
523 2916 732 2951 rhetoricam
758 2917 935 2951 adornata.

1244 2987 1290 3020 4*
