1820 3340
260 248 342 287 110

255 365 404 415 phonte
434 368 473 403 et
504 364 667 403 Platone
705 364 1008 414 discrepantiam
1047 365 1231 403 constitui
1268 377 1381 404 nemo
1419 367 1592 417 profecto
1630 366 1745 405 mira-

255 435 370 474 bitur.
405 458 458 463 —
493 436 694 473 Praeterea
724 435 949 484 scriptorem
979 436 1191 485 Apoloyiae
1221 436 1338 474 ctiam
1370 449 1411 475 eo
1438 449 1610 487 peccare,
1643 438 1747 487 quod

256 505 365 545 θεοῦ
393 518 469 556 μοι
502 503 622 559 φωνὴ
655 499 855 558 φαίνεται
896 500 1174 560 σημαίνουσα,
1214 503 1239 545 ὅ
1269 519 1310 545 τι
1347 505 1424 561 χρὴ
1462 507 1609 547 ποιεῖν
1645 507 1744 546 dicat

256 577 403 616 omisso
435 588 494 623 eo,
528 576 632 625 quod
662 588 687 613 a
719 576 974 626 Xenophonte
1005 589 1155 626 semper
1185 577 1363 625 addatur,
1403 590 1427 616 a
1459 578 1622 617 Platone
1651 578 1744 617 adeo

255 647 383 685 solum
408 650 608 696 ponatur:
641 646 738 695 quid
767 659 849 684 non
880 647 932 684 sit
964 647 1201 694 faciendum.
1254 647 1286 686 O
1319 648 1613 687 scholasticum!
1667 649 1744 688 Sed

255 717 413 767 majoris
445 717 562 755 etiam
595 717 788 755 acuminis
810 720 902 755 sunt
923 729 1023 767 quae
1046 721 1282 767 sequuntur:
1315 719 1613 757 Accusationem
1633 719 1744 758 illam

255 788 299 826 de
329 788 451 826 illatis
481 788 594 825 novis
625 787 703 825 diis
734 788 785 825 ad
805 787 1057 826 daemonium
1085 791 1251 837 spectare
1271 801 1360 827 cum
1381 790 1592 839 Apotoyiae
1612 794 1746 829 auctor

255 859 372 906 dicat)
406 862 572 908 spectare
601 858 756 896 videri
785 858 1083 908 Xenophontem
1114 859 1254 906 dicere)
1289 860 1453 909 ‘itaque‚
1487 861 1632 911 inquit,
1664 874 1746 900 non

254 933 351 967 certo
383 929 542 967 sciebat:
575 929 678 967 unde
709 929 755 967 ab
787 930 1075 968 accusatoribus
1106 930 1358 968 daemonium
1389 932 1502 980 quasi
1525 933 1746 981 aryumenti

257 1000 335 1038 loco
366 1013 448 1038 non
471 1000 677 1050 prolatum
708 1012 788 1038 esse
819 1004 996 1050 apparet)
1030 1000 1175 1038 nedum
1209 1001 1383 1039 Socrates
1414 1005 1549 1040 contra
1578 1002 1677 1040 illud
1706 1015 1745 1040 se

254 1071 490 1120 defenderit.’
539 1071 743 1109 Praeclara
764 1071 938 1120 profecto
960 1071 1178 1110 conclusio!
1232 1073 1284 1110 At
1305 1072 1490 1122 quidnam
1512 1073 1744 1112 indiciorum

254 1142 303 1180 ad
323 1142 631 1180 confirmandum
646 1141 793 1179 crimen
813 1141 975 1180 deorum
988 1146 1218 1180 novatorum
1234 1147 1482 1182 accusatores
1503 1145 1745 1182 attulerunt?

378 1214 442 1251 12.
483 1212 696 1251 Graculum
728 1212 863 1250 deinde
894 1213 1102 1262 Pythicum
1134 1226 1222 1251 cum
1255 1214 1324 1251 hoc
1353 1214 1481 1262 fuisse
1512 1214 1684 1252 dicatur:

468 1280 610 1336 Σοφός
641 1279 883 1336 Σοφοκλῆς,
917 1280 1160 1337 σοφώτερος
1191 1280 1227 1321 δ’
1260 1278 1517 1339 Εὐριπίδης·

467 1349 651 1406 Ἀνδρῶν
682 1349 729 1392 δὲ
760 1350 939 1392 πάντων
972 1350 1200 1409 Σωκράτης
1231 1352 1495 1409 σοφώτατος.

254 1425 313 1462 Ab
344 1429 498 1463 auctore
528 1425 738 1475 Apoloyiae
775 1426 930 1463 maiora
972 1438 1012 1463 se
1049 1426 1248 1464 dicturum
1283 1427 1464 1476 professo
1510 1426 1613 1477 [vide
1650 1439 1744 1478 quo-

256 1495 371 1534 modo
402 1497 522 1534 verba
553 1496 664 1544 Apol.
688 1495 711 1547 ξ
738 1498 757 1534 1
793 1493 1031 1550 detorquett]
1064 1497 1209 1546 auycri.
1263 1497 1464 1536 Praeterea
1490 1510 1578 1536 cum
1600 1498 1646 1536 in
1665 1498 1743 1536 Me-

254 1567 508 1605 morabitibus
539 1567 683 1605 mentio
715 1567 837 1617 hujus
868 1567 1018 1605 oraculi
1047 1568 1120 1617 fiat
1151 1567 1281 1614 nulla,
1313 1568 1427 1617 facile
1458 1568 1588 1617 colligi
1613 1569 1743 1607 Xeno-

251 1637 394 1686 phonti
424 1641 492 1675 aut
522 1638 660 1687 fictum
690 1638 732 1675 id
762 1642 831 1675 aut
861 1642 1081 1676 memoratu
1111 1639 1163 1676 ad
1192 1651 1310 1676 suam
1340 1651 1423 1677 rem
1460 1651 1541 1677 non
1579 1639 1745 1688 diqnum

253 1720 333 1746 esse
362 1709 494 1746 visum
525 1712 593 1745 aut
616 1708 737 1757 plane
767 1709 947 1757 iynotum
977 1709 1126 1758 fuisse,·
1169 1710 1206 1746 si
1245 1713 1376 1747 autem
1413 1709 1504 1757 tale,
1550 1710 1662 1759 quale
1698 1711 1743 1748 in

253 1778 444 1828 Apoloyia
474 1779 680 1828 referatur,
713 1779 855 1828 fuisset
878 1779 1153 1829 pervulyatum
1188 1783 1221 1817 et
1248 1780 1499 1829 Xenophonti
1530 1781 1741 1830 coynitum,

251 1849 439 1898 futurum
469 1849 554 1887 sine
591 1849 706 1888 dubio
737 1850 865 1899 fuisse
901 1853 945 1887 ut
981 1850 1027 1888 ab
1065 1863 1106 1888 eo
1144 1854 1523 1898 commemoraretur,
1569 1851 1742 1901 quando-

253 1920 409 1973 quidem
451 1920 502 1958 ad
543 1920 827 1969 defendendum
869 1920 1063 1959 Socratem
1106 1921 1209 1959 nihil
1247 1921 1343 1970 plus
1385 1922 1559 1971 conferre
1598 1927 1742 1972 posset.

259 1990 433 2028 Ceterum
476 1991 595 2029 videri
638 1991 737 2029 illud
778 2004 823 2029 ecc
860 1992 974 2030 Mem.
997 1992 1064 2029 IV
1080 1994 1117 2039 8,
1138 2001 1157 2034 1
1195 1989 1284 2046 (τὴν
1321 1987 1369 2030 δὲ
1406 1986 1529 2047 δίκην
1565 1989 1744 2031 πάντων

255 2056 505 2114 ἀνθρώπιον
538 2057 819 2116 ἀληθέστατα
856 2058 930 2101 καὶ
962 2057 1379 2114 ἐλευθεριώτατα
1418 2059 1501 2101 καὶ
1542 2060 1742 2103 δικαιό-

253 2144 381 2170 τατα
415 2126 554 2171 εἰπὼν
585 2146 621 2171 κ.
636 2145 671 2170 τ.
686 2129 736 2183 λ.)
769 2146 1005 2182 expressum.
1059 2133 1116 2171 Cf.
1151 2145 1268 2183 supra
1299 2146 1336 2183 p.
1359 2134 1426 2172 48.

371 2203 519 2241 Verum
553 2215 631 2241 non
662 2203 793 2253 ipsum
832 2203 946 2242 modo
984 2204 1183 2242 oraculum
1222 2204 1479 2253 improbatur,
1518 2204 1587 2243 sed
1624 2205 1740 2243 etiam

253 2273 404 2311 ratione
435 2278 569 2312 censet
600 2286 643 2312 ea
674 2277 911 2312 commotum
946 2274 1142 2312 Socratem
1173 2274 1216 2312 id
1236 2274 1439 2312 oraculum
1461 2276 1612 2325 afferre,
1646 2288 1740 2325 quac

251 2344 381 2382 cadere
412 2345 456 2382 in
486 2357 576 2382 cnm
606 2345 672 2382 via:
696 2345 879 2394 potuerit.
942 2345 1124 2382 Primum
1158 2345 1265 2383 enim
1301 2346 1356 2382 sic
1389 2357 1479 2383 eum
1509 2346 1741 2396 superbiisse

253 2418 286 2452 et
314 2415 528 2463 gloriatum
559 2427 637 2453 esse
672 2415 829 2453 nultum
866 2415 1092 2464 scriptorem
1128 2415 1253 2453 alium
1284 2416 1471 2465 prodere;
1510 2420 1594 2454 tum
1631 2417 1740 2454 verba

252 2480 323 2522 ἵνα
354 2478 415 2523 ἔτι
449 2482 612 2535 μᾶλλον
644 2479 682 2523 οἶ
715 2481 967 2537 βουλόμενοι
1004 2482 1120 2536 ὑμῶν
1158 2481 1375 2525 ἀπιστῶσι
1415 2489 1475 2541 τῷ
1514 2481 1589 2537 ἐμὲ
1625 2499 1739 2525 τετι-

251 2554 421 2608 μῆσθαι
460 2552 548 2594 ὑπὸ
592 2552 808 2606 δαιμόνων
850 2556 973 2594 videri
1014 2569 1132 2595 sensu
1176 2569 1301 2595 carere
1344 2558 1476 2595 omni:
1521 2558 1739 2596 ‘oracutum

252 2626 376 2673 enim,
410 2626 554 2676 inquit,
578 2627 733 2676 judices
764 2640 846 2664 non
877 2639 1112 2665 commovere
1134 2628 1286 2677 potuit,
1319 2628 1402 2665 nisi
1431 2632 1475 2666 ut
1499 2627 1695 2666 Socratem
1715 2640 1739 2665 a

252 2696 329 2734 diis
372 2697 608 2735 honoratum
652 2710 731 2735 esse
773 2698 980 2745 crederent,
1025 2710 1108 2735 non
1150 2702 1280 2736 antem
1325 2702 1368 2736 ut
1405 2710 1485 2736 non
1522 2699 1737 2736 crederent’.

251 2767 303 2804 At
334 2767 437 2805 enim
470 2768 707 2806 sententiam
738 2768 844 2806 illam
877 2769 938 2806 vir
969 2769 1093 2806 bonus
1125 2780 1263 2817 parum
1294 2772 1498 2807 assecutus
1530 2772 1601 2807 est.
1665 2768 1737 2807 Cui

251 2837 411 2886 quidem
442 2837 539 2876 haec
571 2839 708 2876 subest
730 2834 933 2877 ὑπόνοιαι
967 2850 1048 2887 eos,
1081 2838 1147 2888 qui
1169 2839 1376 2877 veritatem
1403 2839 1529 2877 nolint
1549 2839 1737 2889 accipere,

253 2918 298 2944 eo
329 2907 370 2944 in
402 2908 583 2957 opinione
616 2920 686 2947 sua
717 2921 923 2959 erroreque
953 2909 1166 2959 persistere
1204 2909 1498 2958 vehementius,
1537 2921 1613 2959 quo
1651 2921 1737 2959 gra-
