<?xml version="1.0" encoding="UTF-8"?>
<!DOCTYPE html PUBLIC "-//W3C//DTD XHTML 1.0 Transitional//EN"
    "http://www.w3.org/TR/xhtml1/DTD/xhtml1-transitional.dtd">
<html xmlns="http://www.w3.org/1999/xhtml" xml:lang="en" lang="en">
 <head>
  <title>
</title>
<meta http-equiv="Content-Type" content="text/html;charset=utf-8" />
  <meta name='ocr-system' content='tesseract 3.04.00' />
  <meta name='ocr-capabilities' content='ocr_page ocr_carea ocr_par ocr_line ocrx_word'/>
</head>
<body>
  <div class='ocr_page' id='page_1' title='image "./xenophontisqvaef00fricuoft_0063.png"; bbox 0 0 1820 3340; ppageno 0'>
   <div class='ocr_carea' id='block_1_1' title="bbox 1490 284 1542 321">
    <p class='ocr_par' dir='ltr' id='par_1_1' title="bbox 1490 284 1542 321">
     <span class='ocr_line' id='line_1_1' title="bbox 1490 284 1542 321; baseline 0.019 -1"><span class='ocrx_word' id='word_1_1' title='bbox 1490 284 1542 321; x_wconf 84' lang='lat'>59</span> 
     </span>
    </p>
   </div>
   <div class='ocr_carea' id='block_1_2' title="bbox 58 399 1546 2985">
    <p class='ocr_par' dir='ltr' id='par_1_2' title="bbox 60 399 1545 789">
     <span class='ocr_line' id='line_1_2' title="bbox 62 399 1544 450; baseline -0.003 -10"><span class='ocrx_word' id='word_1_2' title='bbox 62 404 106 440; x_wconf 91' lang='lat' dir='ltr'>ut</span> <span class='ocrx_word' id='word_1_3' title='bbox 136 412 260 450; x_wconf 87' lang='lat' dir='ltr'>neque</span> <span class='ocrx_word' id='word_1_4' title='bbox 292 399 448 437; x_wconf 87' lang='lat' dir='ltr'>illorum</span> <span class='ocrx_word' id='word_1_5' title='bbox 479 411 606 450; x_wconf 88' lang='lat' dir='ltr'>neque</span> <span class='ocrx_word' id='word_1_6' title='bbox 636 399 800 437; x_wconf 87' lang='lat' dir='ltr'>aliorum</span> <span class='ocrx_word' id='word_1_7' title='bbox 832 399 1020 437; x_wconf 85' lang='lat' dir='ltr'>rationem</span> <span class='ocrx_word' id='word_1_8' title='bbox 1052 399 1229 436; x_wconf 87' lang='lat' dir='ltr'>haberet:</span> <span class='ocrx_word' id='word_1_9' title='bbox 1262 401 1330 436; x_wconf 88' lang='lat' dir='ltr'>aut</span> <span class='ocrx_word' id='word_1_10' title='bbox 1358 399 1463 436; x_wconf 88' lang='lat' dir='ltr'>enim</span> <span class='ocrx_word' id='word_1_11' title='bbox 1485 399 1544 436; x_wconf 90' lang='lat' dir='ltr'>illi</span> 
     </span>
     <span class='ocr_line' id='line_1_3' title="bbox 62 469 1544 519; baseline -0.001 -11"><span class='ocrx_word' id='word_1_12' title='bbox 62 471 233 509; x_wconf 90' lang='lat' dir='ltr'>nondum</span> <span class='ocrx_word' id='word_1_13' title='bbox 266 470 502 519; x_wconf 80' lang='lat' dir='ltr'>scripserant</span> <span class='ocrx_word' id='word_1_14' title='bbox 539 472 607 508; x_wconf 90' lang='lat' dir='ltr'>aut</span> <span class='ocrx_word' id='word_1_15' title='bbox 644 469 788 519; x_wconf 87' lang='lat' dir='ltr'>scripta</span> <span class='ocrx_word' id='word_1_16' title='bbox 825 481 958 507; x_wconf 87' lang='lat' dir='ltr'>eorum</span> <span class='ocrx_word' id='word_1_17' title='bbox 1001 469 1037 507; x_wconf 88' lang='lat' dir='ltr'>ei</span> <span class='ocrx_word' id='word_1_18' title='bbox 1074 472 1164 506; x_wconf 89' lang='lat' dir='ltr'>nota</span> <span class='ocrx_word' id='word_1_19' title='bbox 1207 469 1379 506; x_wconf 89' lang='lat' dir='ltr'>nondum</span> <span class='ocrx_word' id='word_1_20' title='bbox 1418 472 1544 518; x_wconf 79' lang='lat' dir='ltr'>erant3</span> 
     </span>
     <span class='ocr_line' id='line_1_4' title="bbox 63 537 1545 591; baseline -0.002 -12"><span class='ocrx_word' id='word_1_21' title='bbox 63 542 215 591; x_wconf 87' lang='lat' dir='ltr'>eisque,</span> <span class='ocrx_word' id='word_1_22' title='bbox 254 552 352 590; x_wconf 82' lang='lat' dir='ltr'>quae</span> <span class='ocrx_word' id='word_1_23' title='bbox 388 540 466 577; x_wconf 88' lang='lat' dir='ltr'>iam</span> <span class='ocrx_word' id='word_1_24' title='bbox 498 540 699 588; x_wconf 82' lang='lat' dir='ltr'>divulgata</span> <span class='ocrx_word' id='word_1_25' title='bbox 741 542 869 587; x_wconf 80' lang='lat' dir='ltr'>erant,</span> <span class='ocrx_word' id='word_1_26' title='bbox 913 537 1168 577; x_wconf 81' lang='lat' dir='ltr'>consulendis</span> <span class='ocrx_word' id='word_1_27' title='bbox 1213 539 1466 588; x_wconf 88' lang='lat' dir='ltr'>supersedere</span> <span class='ocrx_word' id='word_1_28' title='bbox 1504 551 1545 577; x_wconf 86' lang='lat' dir='ltr'>se</span> 
     </span>
     <span class='ocr_line' id='line_1_5' title="bbox 62 609 1543 661; baseline -0.002 -12"><span class='ocrx_word' id='word_1_29' title='bbox 62 623 194 661; x_wconf 89' lang='lat' dir='ltr'>posse,</span> <span class='ocrx_word' id='word_1_30' title='bbox 227 610 358 658; x_wconf 87' lang='lat' dir='ltr'>credo,</span> <span class='ocrx_word' id='word_1_31' title='bbox 391 610 649 648; x_wconf 79' lang='lat' dir='ltr'><strong>arbitrabatur</strong></span> <span class='ocrx_word' id='word_1_32' title='bbox 675 610 858 659; x_wconf 82' lang='lat' dir='ltr'>quoniam</span> <span class='ocrx_word' id='word_1_33' title='bbox 890 610 1034 659; x_wconf 88' lang='lat' dir='ltr'>partim</span> <span class='ocrx_word' id='word_1_34' title='bbox 1066 621 1166 659; x_wconf 81' lang='lat' dir='ltr'>quae</span> <span class='ocrx_word' id='word_1_35' title='bbox 1188 609 1262 647; x_wconf 91' lang='lat' dir='ltr'>sibi</span> <span class='ocrx_word' id='word_1_36' title='bbox 1283 609 1425 647; x_wconf 85' lang='lat' dir='ltr'>fuisset</span> <span class='ocrx_word' id='word_1_37' title='bbox 1456 621 1543 647; x_wconf 87' lang='lat' dir='ltr'>oum</span> 
     </span>
     <span class='ocr_line' id='line_1_6' title="bbox 62 679 1545 730; baseline -0.002 -11"><span class='ocrx_word' id='word_1_38' title='bbox 62 680 219 719; x_wconf 84' lang='lat' dir='ltr'>Socrate</span> <span class='ocrx_word' id='word_1_39' title='bbox 262 680 517 728; x_wconf 77' lang='lat' dir='ltr'>consuetudo,</span> <span class='ocrx_word' id='word_1_40' title='bbox 563 681 704 729; x_wconf 88' lang='lat' dir='ltr'>partim</span> <span class='ocrx_word' id='word_1_41' title='bbox 749 692 847 730; x_wconf 85' lang='lat' dir='ltr'>quae</span> <span class='ocrx_word' id='word_1_42' title='bbox 890 681 936 717; x_wconf 85' lang='lat' dir='ltr'>ab</span> <span class='ocrx_word' id='word_1_43' title='bbox 980 680 1116 718; x_wconf 89' lang='lat' dir='ltr'>amicis</span> <span class='ocrx_word' id='word_1_44' title='bbox 1160 679 1432 729; x_wconf 86' lang='lat' dir='ltr'>comperisset,</span> <span class='ocrx_word' id='word_1_45' title='bbox 1477 679 1545 716; x_wconf 87' lang='lat' dir='ltr'>illa</span> 
     </span>
     <span class='ocr_line' id='line_1_7' title="bbox 60 750 1088 789; baseline -0.002 0"><span class='ocrx_word' id='word_1_46' title='bbox 60 752 189 789; x_wconf 89' lang='lat' dir='ltr'>omnia</span> <span class='ocrx_word' id='word_1_47' title='bbox 220 751 318 788; x_wconf 83' lang='lat' dir='ltr'>nihil</span> <span class='ocrx_word' id='word_1_48' title='bbox 349 751 509 788; x_wconf 85' lang='lat' dir='ltr'>curandi</span> <span class='ocrx_word' id='word_1_49' title='bbox 541 751 765 788; x_wconf 75' lang='lat' dir='ltr'>facultatem</span> <span class='ocrx_word' id='word_1_50' title='bbox 797 750 871 788; x_wconf 90' lang='lat' dir='ltr'>sibi</span> <span class='ocrx_word' id='word_1_51' title='bbox 904 750 1088 788; x_wconf 81' lang='lat' dir='ltr'>facerent.</span> 
     </span>
    </p>

    <p class='ocr_par' dir='ltr' id='par_1_3' title="bbox 58 820 1546 2985">
     <span class='ocr_line' id='line_1_8' title="bbox 177 820 1543 870; baseline -0.001 -11"><span class='ocrx_word' id='word_1_52' title='bbox 177 821 259 859; x_wconf 89' lang='lat' dir='ltr'>Nec</span> <span class='ocrx_word' id='word_1_53' title='bbox 289 824 418 859; x_wconf 81' lang='lat' dir='ltr'>tamen</span> <span class='ocrx_word' id='word_1_54' title='bbox 441 824 552 858; x_wconf 85' lang='lat' dir='ltr'>vacat</span> <span class='ocrx_word' id='word_1_55' title='bbox 577 821 681 858; x_wconf 90' lang='lat' dir='ltr'>omni</span> <span class='ocrx_word' id='word_1_56' title='bbox 703 820 890 870; x_wconf 81' lang='lat' dir='ltr'>Apologia</span> <span class='ocrx_word' id='word_1_57' title='bbox 911 820 1075 857; x_wconf 86' lang='lat' dir='ltr'>aliorum</span> <span class='ocrx_word' id='word_1_58' title='bbox 1097 820 1284 858; x_wconf 87' lang='lat' dir='ltr'>librorum</span> <span class='ocrx_word' id='word_1_59' title='bbox 1306 820 1543 869; x_wconf 80' lang='lat' dir='ltr'>contagione.</span> 
     </span>
     <span class='ocr_line' id='line_1_9' title="bbox 61 890 1545 941; baseline -0.001 -12"><span class='ocrx_word' id='word_1_60' title='bbox 61 891 295 940; x_wconf 85' lang='lat' dir='ltr'>Cynicorum</span> <span class='ocrx_word' id='word_1_61' title='bbox 327 891 487 941; x_wconf 81' lang='lat' dir='ltr'>quidem</span> <span class='ocrx_word' id='word_1_62' title='bbox 518 891 663 940; x_wconf 87' lang='lat' dir='ltr'>scripta</span> <span class='ocrx_word' id='word_1_63' title='bbox 695 891 857 928; x_wconf 86' lang='lat' dir='ltr'>dubium</span> <span class='ocrx_word' id='word_1_64' title='bbox 894 902 973 927; x_wconf 91' lang='lat' dir='ltr'>non</span> <span class='ocrx_word' id='word_1_65' title='bbox 1004 893 1064 928; x_wconf 88' lang='lat' dir='ltr'>est</span> <span class='ocrx_word' id='word_1_66' title='bbox 1100 890 1197 939; x_wconf 85' lang='lat' dir='ltr'>quin</span> <span class='ocrx_word' id='word_1_67' title='bbox 1227 893 1362 928; x_wconf 82' lang='lat' dir='ltr'>auctor</span> <span class='ocrx_word' id='word_1_68' title='bbox 1392 890 1545 938; x_wconf 80' lang='lat' dir='ltr'>cognita</span> 
     </span>
     <span class='ocr_line' id='line_1_10' title="bbox 60 960 1545 1011; baseline -0.001 -12"><span class='ocrx_word' id='word_1_69' title='bbox 60 962 238 1011; x_wconf 82' lang='lat' dir='ltr'>haberet3</span> <span class='ocrx_word' id='word_1_70' title='bbox 284 973 369 999; x_wconf 85' lang='lat' dir='ltr'>eam</span> <span class='ocrx_word' id='word_1_71' title='bbox 412 962 516 999; x_wconf 91' lang='lat' dir='ltr'>enim</span> <span class='ocrx_word' id='word_1_72' title='bbox 561 961 776 999; x_wconf 87' lang='lat' dir='ltr'>doctrinam</span> <span class='ocrx_word' id='word_1_73' title='bbox 814 972 973 1010; x_wconf 88' lang='lat' dir='ltr'>prorsus</span> <span class='ocrx_word' id='word_1_74' title='bbox 1011 960 1160 998; x_wconf 82' lang='lat' dir='ltr'>redolet</span> <span class='ocrx_word' id='word_1_75' title='bbox 1197 960 1439 998; x_wconf 82' lang='lat' dir='ltr'>adumbratio</span> <span class='ocrx_word' id='word_1_76' title='bbox 1478 961 1545 998; x_wconf 86' lang='lat' dir='ltr'>illa</span> 
     </span>
     <span class='ocr_line' id='line_1_11' title="bbox 60 1030 1545 1082; baseline -0.001 -12"><span class='ocrx_word' id='word_1_77' title='bbox 60 1032 206 1081; x_wconf 84' lang='lat' dir='ltr'>ingenii</span> <span class='ocrx_word' id='word_1_78' title='bbox 238 1044 466 1082; x_wconf 82' lang='lat' dir='ltr'>morumque</span> <span class='ocrx_word' id='word_1_79' title='bbox 500 1032 669 1070; x_wconf 83' lang='lat' dir='ltr'>Socratis</span> <span class='ocrx_word' id='word_1_80' title='bbox 702 1030 753 1081; x_wconf 58' lang='grc' dir='ltr'>ἓξ</span> <span class='ocrx_word' id='word_1_81' title='bbox 783 1032 833 1069; x_wconf 83' lang='grc'>17</span> <span class='ocrx_word' id='word_1_82' title='bbox 868 1035 908 1068; x_wconf 85' lang='lat' dir='ltr'>et</span> <span class='ocrx_word' id='word_1_83' title='bbox 943 1031 994 1068; x_wconf 88' lang='grc'>18</span> <span class='ocrx_word' id='word_1_84' title='bbox 1028 1043 1105 1068; x_wconf 90' lang='lat' dir='ltr'>non</span> <span class='ocrx_word' id='word_1_85' title='bbox 1137 1030 1267 1068; x_wconf 89' lang='lat' dir='ltr'>minus</span> <span class='ocrx_word' id='word_1_86' title='bbox 1296 1043 1413 1080; x_wconf 81' lang='lat' dir='ltr'>quam</span> <span class='ocrx_word' id='word_1_87' title='bbox 1436 1043 1545 1080; x_wconf 84' lang='lat' dir='ltr'>para-</span> 
     </span>
     <span class='ocr_line' id='line_1_12' title="bbox 60 1101 1543 1153; baseline 0 -14"><span class='ocrx_word' id='word_1_88' title='bbox 60 1103 233 1152; x_wconf 84' lang='lat' dir='ltr'>graphus</span> <span class='ocrx_word' id='word_1_89' title='bbox 257 1103 329 1150; x_wconf 81' lang='lat'>25,</span> <span class='ocrx_word' id='word_1_90' title='bbox 362 1102 428 1139; x_wconf 91' lang='lat' dir='ltr'>ubi</span> <span class='ocrx_word' id='word_1_91' title='bbox 459 1101 692 1151; x_wconf 86' lang='lat' dir='ltr'>disciplinae</span> <span class='ocrx_word' id='word_1_92' title='bbox 713 1113 806 1139; x_wconf 88' lang='lat' dir='ltr'>suae</span> <span class='ocrx_word' id='word_1_93' title='bbox 828 1113 953 1149; x_wconf 87' lang='lat' dir='ltr'>genus</span> <span class='ocrx_word' id='word_1_94' title='bbox 975 1101 1028 1138; x_wconf 81' lang='lat' dir='ltr'>ita</span> <span class='ocrx_word' id='word_1_95' title='bbox 1050 1101 1342 1150; x_wconf 77' lang='lat' dir='ltr'>complectitur,</span> <span class='ocrx_word' id='word_1_96' title='bbox 1374 1105 1418 1139; x_wconf 90' lang='lat' dir='ltr'>ut</span> <span class='ocrx_word' id='word_1_97' title='bbox 1440 1114 1543 1153; x_wconf 81' lang='grc' dir='ltr'><em>καρ-</em></span> 
     </span>
     <span class='ocr_line' id='line_1_13' title="bbox 60 1165 1545 1225; baseline -0.001 -14"><span class='ocrx_word' id='word_1_98' title='bbox 60 1167 204 1225; x_wconf 86' lang='grc' dir='ltr'><em>τερίαν</em></span> <span class='ocrx_word' id='word_1_99' title='bbox 235 1168 307 1211; x_wconf 74' lang='grc' dir='ltr'>καὶ</span> <span class='ocrx_word' id='word_1_100' title='bbox 340 1167 552 1211; x_wconf 74' lang='grc' dir='ltr'><em>εὐτέλειαν</em></span> <span class='ocrx_word' id='word_1_101' title='bbox 584 1169 681 1218; x_wconf 76' lang='grc' dir='ltr'><em>τοὺς</em></span> <span class='ocrx_word' id='word_1_102' title='bbox 712 1167 828 1218; x_wconf 76' lang='grc' dir='ltr'><em>νέους</em></span> <span class='ocrx_word' id='word_1_103' title='bbox 859 1165 1138 1223; x_wconf 67' lang='grc' dir='ltr'><em>προσεθίζειν</em></span> <span class='ocrx_word' id='word_1_104' title='bbox 1168 1183 1209 1210; x_wconf 90' lang='lat' dir='ltr'>se</span> <span class='ocrx_word' id='word_1_105' title='bbox 1232 1172 1353 1221; x_wconf 78' lang='lat' dir='ltr'>dicat3</span> <span class='ocrx_word' id='word_1_106' title='bbox 1387 1175 1425 1209; x_wconf 88' lang='lat' dir='ltr'>et</span> <span class='ocrx_word' id='word_1_107' title='bbox 1447 1184 1545 1221; x_wconf 77' lang='lat' dir='ltr'>quae</span> 
     </span>
     <span class='ocr_line' id='line_1_14' title="bbox 62 1241 1545 1294; baseline -0.001 -13"><span class='ocrx_word' id='word_1_108' title='bbox 62 1242 86 1294; x_wconf 62' lang='grc' dir='ltr'>ξ</span> <span class='ocrx_word' id='word_1_109' title='bbox 113 1244 163 1281; x_wconf 79' lang='lat'>19</span> <span class='ocrx_word' id='word_1_110' title='bbox 197 1246 474 1281; x_wconf 87' lang='lat' dir='ltr'>enumerantur</span> <span class='ocrx_word' id='word_1_111' title='bbox 505 1243 599 1280; x_wconf 88' lang='lat' dir='ltr'>vitia</span> <span class='ocrx_word' id='word_1_112' title='bbox 631 1246 723 1281; x_wconf 87' lang='lat' dir='ltr'>sunt</span> <span class='ocrx_word' id='word_1_113' title='bbox 754 1255 798 1280; x_wconf 83' lang='lat' dir='ltr'>ea</span> <span class='ocrx_word' id='word_1_114' title='bbox 829 1243 927 1290; x_wconf 78' lang='lat' dir='ltr'>fere,</span> <span class='ocrx_word' id='word_1_115' title='bbox 960 1254 1059 1292; x_wconf 85' lang='lat' dir='ltr'>quae</span> <span class='ocrx_word' id='word_1_116' title='bbox 1090 1255 1112 1279; x_wconf 89' lang='lat' dir='ltr'>a</span> <span class='ocrx_word' id='word_1_117' title='bbox 1134 1241 1294 1290; x_wconf 83' lang='lat' dir='ltr'>Cynicis</span> <span class='ocrx_word' id='word_1_118' title='bbox 1317 1242 1545 1292; x_wconf 86' lang='lat' dir='ltr'>cumprimis</span> 
     </span>
     <span class='ocr_line' id='line_1_15' title="bbox 59 1311 1543 1363; baseline -0.001 -12"><span class='ocrx_word' id='word_1_119' title='bbox 59 1314 398 1363; x_wconf 82' lang='lat' dir='ltr'>impugnabantur.</span> <span class='ocrx_word' id='word_1_120' title='bbox 444 1312 555 1360; x_wconf 81' lang='lat' dir='ltr'>Quod</span> <span class='ocrx_word' id='word_1_121' title='bbox 576 1313 698 1361; x_wconf 83' lang='lat' dir='ltr'>igitur</span> <span class='ocrx_word' id='word_1_122' title='bbox 719 1313 953 1362; x_wconf 86' lang='lat' dir='ltr'>quibusdam</span> <span class='ocrx_word' id='word_1_123' title='bbox 977 1312 1073 1350; x_wconf 89' lang='lat' dir='ltr'>locis</span> <span class='ocrx_word' id='word_1_124' title='bbox 1095 1311 1291 1361; x_wconf 83' lang='lat' dir='ltr'>Apologia</span> <span class='ocrx_word' id='word_1_125' title='bbox 1312 1313 1360 1350; x_wconf 88' lang='lat' dir='ltr'>ad</span> <span class='ocrx_word' id='word_1_126' title='bbox 1384 1313 1543 1350; x_wconf 86' lang='lat' dir='ltr'>verbum</span> 
     </span>
     <span class='ocr_line' id='line_1_16' title="bbox 59 1382 1544 1433; baseline -0.001 -12"><span class='ocrx_word' id='word_1_127' title='bbox 59 1396 183 1433; x_wconf 87' lang='lat' dir='ltr'>paene</span> <span class='ocrx_word' id='word_1_128' title='bbox 214 1384 392 1432; x_wconf 82' lang='lat' dir='ltr'>congruit</span> <span class='ocrx_word' id='word_1_129' title='bbox 429 1396 519 1421; x_wconf 89' lang='lat' dir='ltr'>cum</span> <span class='ocrx_word' id='word_1_130' title='bbox 551 1383 798 1421; x_wconf 83' lang='lat' dir='ltr'>Antisthenis</span> <span class='ocrx_word' id='word_1_131' title='bbox 835 1383 875 1420; x_wconf 90' lang='lat' dir='ltr'>in</span> <span class='ocrx_word' id='word_1_132' title='bbox 915 1383 1103 1421; x_wconf 80' lang='lat' dir='ltr'>Convivio</span> <span class='ocrx_word' id='word_1_133' title='bbox 1140 1382 1425 1432; x_wconf 82' lang='lat' dir='ltr'>Xenophonteo</span> <span class='ocrx_word' id='word_1_134' title='bbox 1463 1395 1544 1420; x_wconf 85' lang='lat' dir='ltr'>ora-</span> 
     </span>
     <span class='ocr_line' id='line_1_17' title="bbox 59 1447 1546 1505; baseline -0.001 -13"><span class='ocrx_word' id='word_1_135' title='bbox 59 1454 165 1492; x_wconf 86' lang='lat' dir='ltr'>tione</span> <span class='ocrx_word' id='word_1_136' title='bbox 197 1454 345 1505; x_wconf 84' lang='lat' dir='ltr'>(confer</span> <span class='ocrx_word' id='word_1_137' title='bbox 376 1455 488 1504; x_wconf 90' lang='lat' dir='ltr'>Apol.</span> <span class='ocrx_word' id='word_1_138' title='bbox 515 1456 566 1493; x_wconf 80' lang='lat'>18</span> <span class='ocrx_word' id='word_1_139' title='bbox 605 1451 678 1505; x_wconf 87' lang='grc' dir='ltr'>,,τὸ</span> <span class='ocrx_word' id='word_1_140' title='bbox 711 1449 758 1492; x_wconf 76' lang='grc' dir='ltr'>δὲ</span> <span class='ocrx_word' id='word_1_141' title='bbox 789 1450 886 1500; x_wconf 84' lang='grc' dir='ltr'><em>τοὺς</em></span> <span class='ocrx_word' id='word_1_142' title='bbox 917 1449 1070 1500; x_wconf 73' lang='grc' dir='ltr'><em>ἄλλους</em></span> <span class='ocrx_word' id='word_1_143' title='bbox 1099 1449 1177 1503; x_wconf 75' lang='grc' dir='ltr'>μὲν</span> <span class='ocrx_word' id='word_1_144' title='bbox 1204 1450 1280 1500; x_wconf 70' lang='grc' dir='ltr'><em>τοὶς</em></span> <span class='ocrx_word' id='word_1_145' title='bbox 1302 1447 1546 1499; x_wconf 69' lang='grc' dir='ltr'><em>εὐπαθείας</em></span> 
     </span>
     <span class='ocr_line' id='line_1_18' title="bbox 61 1517 1546 1578; baseline -0.001 -15"><span class='ocrx_word' id='word_1_146' title='bbox 61 1518 109 1563; x_wconf 67' lang='grc' dir='ltr'>ἐκ</span> <span class='ocrx_word' id='word_1_147' title='bbox 139 1529 214 1578; x_wconf 83' lang='grc' dir='ltr'>τῆς</span> <span class='ocrx_word' id='word_1_148' title='bbox 245 1520 400 1577; x_wconf 79' lang='grc' dir='ltr'><em>ἀγορᾶς</em></span> <span class='ocrx_word' id='word_1_149' title='bbox 431 1522 681 1571; x_wconf 76' lang='grc' dir='ltr'><em>πολυτελεῖς</em></span> <span class='ocrx_word' id='word_1_150' title='bbox 712 1518 994 1575; x_wconf 69' lang='grc' dir='ltr'><em>πορίζεσθαι,</em></span> <span class='ocrx_word' id='word_1_151' title='bbox 1035 1519 1110 1574; x_wconf 69' lang='grc' dir='ltr'>ἐμὲ</span> <span class='ocrx_word' id='word_1_152' title='bbox 1147 1519 1194 1562; x_wconf 73' lang='grc' dir='ltr'>δὲ</span> <span class='ocrx_word' id='word_1_153' title='bbox 1225 1517 1273 1561; x_wconf 73' lang='grc' dir='ltr'>ἐκ</span> <span class='ocrx_word' id='word_1_154' title='bbox 1304 1528 1378 1577; x_wconf 76' lang='grc' dir='ltr'>τῆς</span> <span class='ocrx_word' id='word_1_155' title='bbox 1412 1528 1546 1576; x_wconf 63' lang='grc' dir='ltr'><em>ψυχῒς</em></span> 
     </span>
     <span class='ocr_line' id='line_1_19' title="bbox 60 1588 1542 1649; baseline -0.001 -16"><span class='ocrx_word' id='word_1_156' title='bbox 60 1591 157 1633; x_wconf 72' lang='grc' dir='ltr'><em>ἄνευ</em></span> <span class='ocrx_word' id='word_1_157' title='bbox 189 1591 389 1649; x_wconf 76' lang='grc' dir='ltr'><em>δαπάνης</em></span> <span class='ocrx_word' id='word_1_158' title='bbox 427 1589 571 1649; x_wconf 80' lang='grc' dir='ltr'><em>ἡδίους</em></span> <span class='ocrx_word' id='word_1_159' title='bbox 608 1588 779 1633; x_wconf 75' lang='grc' dir='ltr'><em>ἐκείνων</em></span> <span class='ocrx_word' id='word_1_160' title='bbox 814 1594 1091 1649; x_wconf 74' lang='grc' dir='ltr'><em>μηχανᾶσθαι</em></span> <span class='ocrx_word' id='word_1_161' title='bbox 1104 1593 1122 1613; x_wconf 82' lang='grc'>“</span> <span class='ocrx_word' id='word_1_162' title='bbox 1173 1606 1263 1633; x_wconf 89' lang='lat' dir='ltr'>cum</span> <span class='ocrx_word' id='word_1_163' title='bbox 1297 1594 1415 1633; x_wconf 84' lang='lat' dir='ltr'>Conv.</span> <span class='ocrx_word' id='word_1_164' title='bbox 1439 1595 1477 1641; x_wconf 78' lang='lat'>4,</span> <span class='ocrx_word' id='word_1_165' title='bbox 1500 1602 1542 1636; x_wconf 78' lang='lat'>41</span> 
     </span>
     <span class='ocr_line' id='line_1_20' title="bbox 64 1660 1545 1719; baseline -0.002 -15"><span class='ocrx_word' id='word_1_166' title='bbox 64 1661 163 1717; x_wconf 68' lang='lat' dir='ltr'>„nal</span> <span class='ocrx_word' id='word_1_167' title='bbox 194 1662 272 1718; x_wconf 76' lang='grc' dir='ltr'>γὰρ</span> <span class='ocrx_word' id='word_1_168' title='bbox 304 1662 406 1704; x_wconf 80' lang='grc' dir='ltr'><em>ὅταν</em></span> <span class='ocrx_word' id='word_1_169' title='bbox 437 1662 721 1719; x_wconf 71' lang='grc' dir='ltr'><em>ἡδυπαθῆσαι</em></span> <span class='ocrx_word' id='word_1_170' title='bbox 753 1662 978 1719; x_wconf 73' lang='grc' dir='ltr'>βουληθῶ,</span> <span class='ocrx_word' id='word_1_171' title='bbox 1012 1660 1088 1703; x_wconf 75' lang='grc' dir='ltr'>οὐκ</span> <span class='ocrx_word' id='word_1_172' title='bbox 1120 1660 1167 1703; x_wconf 76' lang='grc' dir='ltr'>ἐκ</span> <span class='ocrx_word' id='word_1_173' title='bbox 1199 1669 1273 1717; x_wconf 81' lang='grc' dir='ltr'>τῆς</span> <span class='ocrx_word' id='word_1_174' title='bbox 1304 1660 1461 1717; x_wconf 76' lang='grc' dir='ltr'><em>ἀγορᾶς</em></span> <span class='ocrx_word' id='word_1_175' title='bbox 1492 1662 1545 1702; x_wconf 76' lang='grc' dir='ltr'>τὰ</span> 
     </span>
     <span class='ocr_line' id='line_1_21' title="bbox 59 1729 1546 1788; baseline -0.001 -14"><span class='ocrx_word' id='word_1_176' title='bbox 59 1730 184 1786; x_wconf 88' lang='grc' dir='ltr'><em>τίμια</em></span> <span class='ocrx_word' id='word_1_177' title='bbox 222 1732 429 1786; x_wconf 73' lang='grc' dir='ltr'><em>ὠνοῦμαι,</em></span> <span class='ocrx_word' id='word_1_178' title='bbox 477 1732 694 1788; x_wconf 78' lang='grc' dir='ltr'><em>πολυτελῆ</em></span> <span class='ocrx_word' id='word_1_179' title='bbox 731 1733 809 1787; x_wconf 81' lang='grc' dir='ltr'>γὰρ</span> <span class='ocrx_word' id='word_1_180' title='bbox 850 1729 1054 1787; x_wconf 83' lang='grc' dir='ltr'><em>γίγνεται,</em></span> <span class='ocrx_word' id='word_1_181' title='bbox 1101 1731 1191 1773; x_wconf 76' lang='grc' dir='ltr'><em>ἀλλ’</em></span> <span class='ocrx_word' id='word_1_182' title='bbox 1225 1731 1273 1773; x_wconf 72' lang='grc' dir='ltr'>ἐκ</span> <span class='ocrx_word' id='word_1_183' title='bbox 1304 1740 1377 1788; x_wconf 77' lang='grc' dir='ltr'>τῆς</span> <span class='ocrx_word' id='word_1_184' title='bbox 1411 1739 1546 1788; x_wconf 74' lang='grc' dir='ltr'><em>ψυχῆς</em></span> 
     </span>
     <span class='ocr_line' id='line_1_22' title="bbox 59 1799 1545 1858; baseline -0.001 -14"><span class='ocrx_word' id='word_1_185' title='bbox 59 1803 371 1856; x_wconf 86' lang='grc' dir='ltr'><em>ταμιεύομαι“;</em></span> <span class='ocrx_word' id='word_1_186' title='bbox 405 1806 515 1856; x_wconf 89' lang='lat' dir='ltr'>Apol.</span> <span class='ocrx_word' id='word_1_187' title='bbox 542 1807 594 1845; x_wconf 89' lang='grc'>16</span> <span class='ocrx_word' id='word_1_188' title='bbox 632 1802 925 1858; x_wconf 83' lang='grc' dir='ltr'><em>,,δικαιότερον</em></span> <span class='ocrx_word' id='word_1_189' title='bbox 958 1801 1005 1844; x_wconf 77' lang='grc' dir='ltr'>δὲ</span> <span class='ocrx_word' id='word_1_190' title='bbox 1036 1799 1131 1843; x_wconf 89' lang='grc' dir='ltr'><em>τίνα</em></span> <span class='ocrx_word' id='word_1_191' title='bbox 1153 1802 1204 1843; x_wconf 70' lang='grc' dir='ltr'>ἂν</span> <span class='ocrx_word' id='word_1_192' title='bbox 1226 1799 1402 1852; x_wconf 75' lang='grc' dir='ltr'><em>εἰκότως</em></span> <span class='ocrx_word' id='word_1_193' title='bbox 1423 1800 1545 1856; x_wconf 34' lang='grc' dir='ltr'><em>νομίῇ</em></span> 
     </span>
     <span class='ocr_line' id='line_1_23' title="bbox 60 1871 1544 1931; baseline 0 -16"><span class='ocrx_word' id='word_1_194' title='bbox 60 1889 181 1916; x_wconf 83' lang='grc' dir='ltr'><em>σαιτε</em></span> <span class='ocrx_word' id='word_1_195' title='bbox 212 1880 288 1915; x_wconf 83' lang='grc' dir='ltr'>τοῦ</span> <span class='ocrx_word' id='word_1_196' title='bbox 323 1873 434 1929; x_wconf 87' lang='grc' dir='ltr'><em>πρὸς</em></span> <span class='ocrx_word' id='word_1_197' title='bbox 470 1873 524 1914; x_wconf 81' lang='grc' dir='ltr'>τὰ</span> <span class='ocrx_word' id='word_1_198' title='bbox 560 1873 759 1929; x_wconf 86' lang='grc' dir='ltr'><em>παρόντα</em></span> <span class='ocrx_word' id='word_1_199' title='bbox 791 1871 1149 1931; x_wconf 78' lang='grc' dir='ltr'><em>συνηρμοσμένου,</em></span> <span class='ocrx_word' id='word_1_200' title='bbox 1195 1873 1252 1923; x_wconf 81' lang='grc' dir='ltr'>ὡς</span> <span class='ocrx_word' id='word_1_201' title='bbox 1294 1879 1378 1914; x_wconf 84' lang='grc' dir='ltr'>τῶν</span> <span class='ocrx_word' id='word_1_202' title='bbox 1417 1872 1544 1915; x_wconf 78' lang='grc' dir='ltr'><em>ἅλλο-</em></span> 
     </span>
     <span class='ocr_line' id='line_1_24' title="bbox 61 1942 1543 2001; baseline 0 -16"><span class='ocrx_word' id='word_1_203' title='bbox 61 1942 190 2000; x_wconf 86' lang='grc' dir='ltr'><em>τρίων</em></span> <span class='ocrx_word' id='word_1_204' title='bbox 220 1944 400 2001; x_wconf 86' lang='grc' dir='ltr'><em>μηδενὸς</em></span> <span class='ocrx_word' id='word_1_205' title='bbox 430 1944 746 1999; x_wconf 75' lang='grc' dir='ltr'><em>προσδεῖσθαι;</em></span> <span class='ocrx_word' id='word_1_206' title='bbox 761 1946 779 1966; x_wconf 82' lang='lat'>“</span> <span class='ocrx_word' id='word_1_207' title='bbox 816 1959 906 1985; x_wconf 90' lang='lat' dir='ltr'>cum</span> <span class='ocrx_word' id='word_1_208' title='bbox 929 1947 1046 1985; x_wconf 80' lang='lat' dir='ltr'>ConV.</span> <span class='ocrx_word' id='word_1_209' title='bbox 1069 1948 1108 1994; x_wconf 84' lang='lat'>4,</span> <span class='ocrx_word' id='word_1_210' title='bbox 1131 1954 1175 1988; x_wconf 80' lang='lat'>42</span> <span class='ocrx_word' id='word_1_211' title='bbox 1213 1942 1348 1998; x_wconf 73' lang='grc' dir='ltr'>,,οῗλλᾶ</span> <span class='ocrx_word' id='word_1_212' title='bbox 1367 1944 1451 1999; x_wconf 80' lang='grc' dir='ltr'>μὴν</span> <span class='ocrx_word' id='word_1_213' title='bbox 1472 1944 1543 1985; x_wconf 75' lang='grc' dir='ltr'>καὶ</span> 
     </span>
     <span class='ocr_line' id='line_1_25' title="bbox 59 2008 1546 2070; baseline -0.002 -13"><span class='ocrx_word' id='word_1_214' title='bbox 59 2015 174 2057; x_wconf 82' lang='grc' dir='ltr'><em>πολὺ</em></span> <span class='ocrx_word' id='word_1_215' title='bbox 212 2013 506 2069; x_wconf 74' lang='grc' dir='ltr'><em>δικαιοτέρους</em></span> <span class='ocrx_word' id='word_1_216' title='bbox 543 2030 588 2069; x_wconf 78' lang='grc' dir='ltr'>γε</span> <span class='ocrx_word' id='word_1_217' title='bbox 626 2011 741 2064; x_wconf 79' lang='grc' dir='ltr'><em>εἰκὸς</em></span> <span class='ocrx_word' id='word_1_218' title='bbox 778 2008 886 2056; x_wconf 78' lang='grc' dir='ltr'><em>εἶναι</em></span> <span class='ocrx_word' id='word_1_219' title='bbox 925 2014 1023 2064; x_wconf 80' lang='grc' dir='ltr'><em>τοὺς</em></span> <span class='ocrx_word' id='word_1_220' title='bbox 1067 2012 1279 2055; x_wconf 70' lang='grc' dir='ltr'><em>εὐτέλειαν</em></span> <span class='ocrx_word' id='word_1_221' title='bbox 1321 2014 1484 2067; x_wconf 81' lang='grc' dir='ltr'><em>μᾶλλον</em></span> <span class='ocrx_word' id='word_1_222' title='bbox 1521 2015 1546 2070; x_wconf 76' lang='grc' dir='ltr'>ἢ</span> 
     </span>
     <span class='ocr_line' id='line_1_26' title="bbox 59 2078 1545 2144; baseline -0.001 -17"><span class='ocrx_word' id='word_1_223' title='bbox 59 2082 411 2144; x_wconf 86' lang='grc' dir='ltr'><em>πολυχρηματίαν</em></span> <span class='ocrx_word' id='word_1_224' title='bbox 455 2091 739 2135; x_wconf 80' lang='grc' dir='ltr'><em>σκοποῦντας·</em></span> <span class='ocrx_word' id='word_1_225' title='bbox 786 2078 850 2134; x_wconf 80' lang='grc' dir='ltr'>οἷς</span> <span class='ocrx_word' id='word_1_226' title='bbox 893 2085 970 2140; x_wconf 76' lang='grc' dir='ltr'>γὰρ</span> <span class='ocrx_word' id='word_1_227' title='bbox 1013 2083 1203 2137; x_wconf 83' lang='grc' dir='ltr'><em>μάλιστα</em></span> <span class='ocrx_word' id='word_1_228' title='bbox 1246 2084 1300 2125; x_wconf 78' lang='grc' dir='ltr'>τὰ</span> <span class='ocrx_word' id='word_1_229' title='bbox 1346 2086 1545 2140; x_wconf 87' lang='grc' dir='ltr'><em>παρόντα</em></span> 
     </span>
     <span class='ocr_line' id='line_1_27' title="bbox 61 2151 1546 2213; baseline -0.001 -16"><span class='ocrx_word' id='word_1_230' title='bbox 61 2155 200 2212; x_wconf 77' lang='grc' dir='ltr'><em>ἀρκεῖ,</em></span> <span class='ocrx_word' id='word_1_231' title='bbox 239 2156 392 2213; x_wconf 76' lang='grc' dir='ltr'><em>ἣκιστα</em></span> <span class='ocrx_word' id='word_1_232' title='bbox 424 2161 507 2196; x_wconf 84' lang='grc' dir='ltr'>τῶν</span> <span class='ocrx_word' id='word_1_233' title='bbox 539 2152 772 2211; x_wconf 76' lang='grc' dir='ltr'><em>ἀλλοτρίων</em></span> <span class='ocrx_word' id='word_1_234' title='bbox 804 2153 1021 2211; x_wconf 80' lang='grc' dir='ltr'><em>ὀρέγονται</em></span> <span class='ocrx_word' id='word_1_235' title='bbox 1034 2156 1076 2207; x_wconf 78' lang='lat'>“3</span> <span class='ocrx_word' id='word_1_236' title='bbox 1117 2158 1230 2208; x_wconf 91' lang='lat' dir='ltr'>Apol.</span> <span class='ocrx_word' id='word_1_237' title='bbox 1258 2159 1309 2197; x_wconf 79' lang='lat'>16</span> <span class='ocrx_word' id='word_1_238' title='bbox 1343 2151 1467 2207; x_wconf 70' lang='lat' dir='ltr'>„viva</span> <span class='ocrx_word' id='word_1_239' title='bbox 1500 2154 1546 2196; x_wconf 75' lang='grc' dir='ltr'>δὲ</span> 
     </span>
     <span class='ocr_line' id='line_1_28' title="bbox 62 2223 1545 2282; baseline 0 -15"><span class='ocrx_word' id='word_1_240' title='bbox 62 2225 313 2282; x_wconf 76' lang='grc' dir='ltr'><em>ἀνθρώπων</em></span> <span class='ocrx_word' id='word_1_241' title='bbox 344 2224 711 2282; x_wconf 73' lang='grc' dir='ltr'><em>ἐλευθεριώτερον,</em></span> <span class='ocrx_word' id='word_1_242' title='bbox 744 2223 791 2276; x_wconf 77' lang='grc' dir='ltr'>ὃς</span> <span class='ocrx_word' id='word_1_243' title='bbox 821 2229 927 2282; x_wconf 82' lang='grc' dir='ltr'><em>παρ’</em></span> <span class='ocrx_word' id='word_1_244' title='bbox 966 2224 1134 2275; x_wconf 74' lang='grc' dir='ltr'><em>οὐδενὸς</em></span> <span class='ocrx_word' id='word_1_245' title='bbox 1166 2223 1261 2267; x_wconf 57' lang='grc' dir='ltr'><em>οὔτε</em></span> <span class='ocrx_word' id='word_1_246' title='bbox 1298 2225 1414 2280; x_wconf 80' lang='grc' dir='ltr'><em>δῶρα</em></span> <span class='ocrx_word' id='word_1_247' title='bbox 1452 2223 1545 2267; x_wconf 63' lang='grc' dir='ltr'><em>οἵτε</em></span> 
     </span>
     <span class='ocr_line' id='line_1_29' title="bbox 58 2295 1543 2352; baseline -0.001 -13"><span class='ocrx_word' id='word_1_248' title='bbox 58 2297 222 2351; x_wconf 68' lang='grc' dir='ltr'><em>μισθὸν</em></span> <span class='ocrx_word' id='word_1_249' title='bbox 244 2295 468 2350; x_wconf 77' lang='grc' dir='ltr'><em>δέχομαι;“</em></span> <span class='ocrx_word' id='word_1_250' title='bbox 500 2313 589 2338; x_wconf 90' lang='lat' dir='ltr'>cum</span> <span class='ocrx_word' id='word_1_251' title='bbox 614 2300 732 2338; x_wconf 85' lang='lat' dir='ltr'>Conv.</span> <span class='ocrx_word' id='word_1_252' title='bbox 754 2301 794 2348; x_wconf 79' lang='lat'>4,</span> <span class='ocrx_word' id='word_1_253' title='bbox 816 2308 861 2342; x_wconf 73' lang='lat'>43</span> <span class='ocrx_word' id='word_1_254' title='bbox 894 2295 1044 2348; x_wconf 75' lang='grc' dir='ltr'>,,ἂ’ξιον</span> <span class='ocrx_word' id='word_1_255' title='bbox 1075 2296 1112 2337; x_wconf 84' lang='grc' dir='ltr'>δ’</span> <span class='ocrx_word' id='word_1_256' title='bbox 1145 2295 1359 2352; x_wconf 75' lang='grc' dir='ltr'><em>ἐννοῆσαι,</em></span> <span class='ocrx_word' id='word_1_257' title='bbox 1394 2296 1451 2346; x_wconf 83' lang='grc' dir='ltr'>ὡς</span> <span class='ocrx_word' id='word_1_258' title='bbox 1473 2296 1543 2338; x_wconf 78' lang='grc' dir='ltr'>καὶ</span> 
     </span>
     <span class='ocr_line' id='line_1_30' title="bbox 61 2365 1545 2422; baseline 0 -13"><span class='ocrx_word' id='word_1_259' title='bbox 61 2365 329 2422; x_wconf 74' lang='grc' dir='ltr'><em>ἐλευθερίους</em></span> <span class='ocrx_word' id='word_1_260' title='bbox 367 2367 389 2409; x_wconf 87' lang='grc' dir='ltr'>ὁ</span> <span class='ocrx_word' id='word_1_261' title='bbox 420 2374 614 2418; x_wconf 84' lang='grc' dir='ltr'><em>τοιοῦτος</em></span> <span class='ocrx_word' id='word_1_262' title='bbox 644 2367 833 2417; x_wconf 80' lang='grc' dir='ltr'><em>πλοῦτος</em></span> <span class='ocrx_word' id='word_1_263' title='bbox 869 2365 1165 2422; x_wconf 49' lang='grc' dir='ltr'><em>παρέχεταιιί),</em></span> <span class='ocrx_word' id='word_1_264' title='bbox 1210 2382 1259 2408; x_wconf 79' lang='lat' dir='ltr'>ex</span> <span class='ocrx_word' id='word_1_265' title='bbox 1297 2370 1545 2409; x_wconf 81' lang='lat' dir='ltr'>Antisthenis</span> 
     </span>
     <span class='ocr_line' id='line_1_31' title="bbox 59 2441 1545 2491; baseline 0.001 -13"><span class='ocrx_word' id='word_1_266' title='bbox 59 2441 185 2491; x_wconf 92' lang='lat' dir='ltr'>ipsius</span> <span class='ocrx_word' id='word_1_267' title='bbox 228 2441 326 2479; x_wconf 86' lang='lat' dir='ltr'>libro</span> <span class='ocrx_word' id='word_1_268' title='bbox 368 2444 554 2491; x_wconf 85' lang='lat' dir='ltr'>utrosque</span> <span class='ocrx_word' id='word_1_269' title='bbox 591 2441 698 2479; x_wconf 87' lang='lat' dir='ltr'>locos</span> <span class='ocrx_word' id='word_1_270' title='bbox 734 2441 900 2479; x_wconf 83' lang='lat' dir='ltr'>fluxisse</span> <span class='ocrx_word' id='word_1_271' title='bbox 937 2453 1054 2490; x_wconf 84' lang='lat' dir='ltr'>quam</span> <span class='ocrx_word' id='word_1_272' title='bbox 1091 2441 1305 2490; x_wconf 86' lang='lat' dir='ltr'>Apologiae</span> <span class='ocrx_word' id='word_1_273' title='bbox 1343 2441 1459 2479; x_wconf 88' lang='lat' dir='ltr'>verba</span> <span class='ocrx_word' id='word_1_274' title='bbox 1496 2453 1545 2479; x_wconf 84' lang='lat' dir='ltr'>ex</span> 
     </span>
     <span class='ocr_line' id='line_1_32' title="bbox 62 2511 1545 2560; baseline -0.001 -11"><span class='ocrx_word' id='word_1_275' title='bbox 62 2511 249 2549; x_wconf 80' lang='lat' dir='ltr'>Convivio</span> <span class='ocrx_word' id='word_1_276' title='bbox 292 2511 499 2560; x_wconf 82' lang='lat' dir='ltr'>desumpta</span> <span class='ocrx_word' id='word_1_277' title='bbox 541 2524 629 2550; x_wconf 89' lang='lat' dir='ltr'>esse</span> <span class='ocrx_word' id='word_1_278' title='bbox 673 2512 834 2550; x_wconf 85' lang='lat' dir='ltr'>credere</span> <span class='ocrx_word' id='word_1_279' title='bbox 878 2512 1022 2549; x_wconf 84' lang='lat' dir='ltr'>malim.</span> <span class='ocrx_word' id='word_1_280' title='bbox 1091 2511 1190 2550; x_wconf 89' lang='lat' dir='ltr'>Cum</span> <span class='ocrx_word' id='word_1_281' title='bbox 1233 2515 1365 2549; x_wconf 87' lang='lat' dir='ltr'>autem</span> <span class='ocrx_word' id='word_1_282' title='bbox 1409 2511 1545 2560; x_wconf 78' lang='lat' dir='ltr'>Cynici</span> 
     </span>
     <span class='ocr_line' id='line_1_33' title="bbox 61 2581 1546 2632; baseline -0.001 -13"><span class='ocrx_word' id='word_1_283' title='bbox 61 2581 176 2632; x_wconf 88' lang='lat' dir='ltr'>primi</span> <span class='ocrx_word' id='word_1_284' title='bbox 208 2581 491 2619; x_wconf 86' lang='lat' dir='ltr'>Socraticorum</span> <span class='ocrx_word' id='word_1_285' title='bbox 523 2582 564 2619; x_wconf 90' lang='lat' dir='ltr'>in</span> <span class='ocrx_word' id='word_1_286' title='bbox 595 2582 726 2620; x_wconf 88' lang='lat' dir='ltr'>lucem</span> <span class='ocrx_word' id='word_1_287' title='bbox 758 2581 990 2632; x_wconf 87' lang='lat' dir='ltr'>prodierint,</span> <span class='ocrx_word' id='word_1_288' title='bbox 1029 2582 1070 2618; x_wconf 85' lang='lat' dir='ltr'>id</span> <span class='ocrx_word' id='word_1_289' title='bbox 1100 2582 1249 2631; x_wconf 89' lang='lat' dir='ltr'>ipsum,</span> <span class='ocrx_word' id='word_1_290' title='bbox 1295 2582 1396 2632; x_wconf 83' lang='lat' dir='ltr'>quod</span> <span class='ocrx_word' id='word_1_291' title='bbox 1428 2581 1546 2619; x_wconf 85' lang='lat' dir='ltr'>huius</span> 
     </span>
     <span class='ocr_line' id='line_1_34' title="bbox 61 2651 1544 2702; baseline -0.001 -12"><span class='ocrx_word' id='word_1_292' title='bbox 61 2655 211 2690; x_wconf 89' lang='lat' dir='ltr'>tantum</span> <span class='ocrx_word' id='word_1_293' title='bbox 244 2653 444 2691; x_wconf 87' lang='lat' dir='ltr'>doctrinae</span> <span class='ocrx_word' id='word_1_294' title='bbox 474 2653 514 2690; x_wconf 91' lang='lat' dir='ltr'>in</span> <span class='ocrx_word' id='word_1_295' title='bbox 547 2652 738 2702; x_wconf 82' lang='lat' dir='ltr'>Apologia</span> <span class='ocrx_word' id='word_1_296' title='bbox 770 2652 936 2701; x_wconf 88' lang='lat' dir='ltr'>vestigia</span> <span class='ocrx_word' id='word_1_297' title='bbox 966 2651 1206 2699; x_wconf 85' lang='lat' dir='ltr'>invenimus,</span> <span class='ocrx_word' id='word_1_298' title='bbox 1244 2664 1332 2690; x_wconf 88' lang='lat' dir='ltr'>cum</span> <span class='ocrx_word' id='word_1_299' title='bbox 1365 2652 1544 2701; x_wconf 79' lang='lat' dir='ltr'>opinione</span> 
     </span>
     <span class='ocr_line' id='line_1_35' title="bbox 60 2721 1545 2773; baseline -0.001 -13"><span class='ocrx_word' id='word_1_300' title='bbox 60 2726 191 2760; x_wconf 87' lang='lat' dir='ltr'>nostra</span> <span class='ocrx_word' id='word_1_301' title='bbox 221 2723 270 2761; x_wconf 91' lang='lat' dir='ltr'>de</span> <span class='ocrx_word' id='word_1_302' title='bbox 301 2723 514 2773; x_wconf 85' lang='lat' dir='ltr'>Apologiae</span> <span class='ocrx_word' id='word_1_303' title='bbox 551 2726 676 2761; x_wconf 85' lang='lat' dir='ltr'>aetate</span> <span class='ocrx_word' id='word_1_304' title='bbox 709 2722 865 2771; x_wconf 76' lang='lat' dir='ltr'>egregie</span> <span class='ocrx_word' id='word_1_305' title='bbox 896 2722 1089 2760; x_wconf 84' lang='lat' dir='ltr'>convenit.</span> <span class='ocrx_word' id='word_1_306' title='bbox 1157 2722 1309 2760; x_wconf 87' lang='lat' dir='ltr'>Deinde</span> <span class='ocrx_word' id='word_1_307' title='bbox 1347 2721 1545 2759; x_wconf 85' lang='lat' dir='ltr'>simillima</span> 
     </span>
     <span class='ocr_line' id='line_1_36' title="bbox 60 2787 1543 2844; baseline -0.001 -14"><span class='ocrx_word' id='word_1_308' title='bbox 60 2793 270 2842; x_wconf 85' lang='lat' dir='ltr'>respondet</span> <span class='ocrx_word' id='word_1_309' title='bbox 292 2793 469 2832; x_wconf 86' lang='lat' dir='ltr'>Socrates</span> <span class='ocrx_word' id='word_1_310' title='bbox 496 2793 751 2842; x_wconf 85' lang='lat' dir='ltr'>Hermogeni:</span> <span class='ocrx_word' id='word_1_311' title='bbox 786 2788 862 2841; x_wconf 61' lang='lat' dir='ltr'>„od</span> <span class='ocrx_word' id='word_1_312' title='bbox 895 2789 972 2844; x_wconf 78' lang='grc' dir='ltr'>γὰρ</span> <span class='ocrx_word' id='word_1_313' title='bbox 996 2788 1108 2830; x_wconf 80' lang='grc' dir='ltr'><em>δοκῶ</em></span> <span class='ocrx_word' id='word_1_314' title='bbox 1132 2803 1201 2830; x_wconf 87' lang='grc' dir='ltr'>σοι</span> <span class='ocrx_word' id='word_1_315' title='bbox 1224 2787 1543 2843; x_wconf 72' lang='grc' dir='ltr'><em>ἀπολογεῖσθαι</em></span> 
     </span>
     <span class='ocr_line' id='line_1_37' title="bbox 61 2857 1541 2916; baseline -0.001 -15"><span class='ocrx_word' id='word_1_316' title='bbox 61 2860 246 2912; x_wconf 83' lang='grc' dir='ltr'><em>μελετῶν</em></span> <span class='ocrx_word' id='word_1_317' title='bbox 277 2858 628 2915; x_wconf 78' lang='grc' dir='ltr'><em>διαβεβιωκέναι;</em></span> <span class='ocrx_word' id='word_1_318' title='bbox 672 2894 711 2902; x_wconf 92' lang='grc'>..</span> <span class='ocrx_word' id='word_1_319' title='bbox 736 2892 745 2901; x_wconf 94' lang='grc'><strong>.</strong></span> <span class='ocrx_word' id='word_1_320' title='bbox 784 2859 852 2901; x_wconf 79' lang='grc' dir='ltr'>ὅτι</span> <span class='ocrx_word' id='word_1_321' title='bbox 892 2857 1013 2901; x_wconf 75' lang='grc' dir='ltr'><em>οὐδὲν</em></span> <span class='ocrx_word' id='word_1_322' title='bbox 1050 2858 1201 2901; x_wconf 74' lang='grc' dir='ltr'><em>ἄδικον</em></span> <span class='ocrx_word' id='word_1_323' title='bbox 1243 2858 1541 2916; x_wconf 75' lang='grc' dir='ltr'><em>διαγεγένημαι</em></span> 
     </span>
     <span class='ocr_line' id='line_1_38' title="bbox 63 2932 1543 2985; baseline 0 -15"><span class='ocrx_word' id='word_1_324' title='bbox 63 2935 231 2971; x_wconf 71' lang='grc' dir='ltr'>ποιῶνιι</span> <span class='ocrx_word' id='word_1_325' title='bbox 264 2933 303 2985; x_wconf 66' lang='grc' dir='ltr'>(ξ</span> <span class='ocrx_word' id='word_1_326' title='bbox 328 2933 368 2985; x_wconf 87' lang='grc'>3)</span> <span class='ocrx_word' id='word_1_327' title='bbox 399 2937 515 2984; x_wconf 85' lang='lat' dir='ltr'>atque</span> <span class='ocrx_word' id='word_1_328' title='bbox 536 2934 816 2972; x_wconf 86' lang='lat' dir='ltr'>Ischomachus</span> <span class='ocrx_word' id='word_1_329' title='bbox 844 2933 885 2970; x_wconf 90' lang='lat' dir='ltr'>in</span> <span class='ocrx_word' id='word_1_330' title='bbox 907 2932 1162 2971; x_wconf 88' lang='lat' dir='ltr'>Oeconomico</span> <span class='ocrx_word' id='word_1_331' title='bbox 1185 2933 1341 2984; x_wconf 83' lang='lat'>(11,22)</span> <span class='ocrx_word' id='word_1_332' title='bbox 1375 2932 1543 2971; x_wconf 86' lang='lat' dir='ltr'>Socrati:</span> 
     </span>
    </p>
   </div>
  </div>
 </body>
</html>
