1820 3340
271 192 353 229 144

269 309 519 359 supersederi
551 311 681 358 potest
712 309 816 347 omni
848 309 1082 346 refutatione
1115 312 1263 356 nostra,
1301 321 1391 347 nam
1422 309 1496 348 isto
1535 310 1648 349 modo
1687 311 1755 361 qui

266 383 575 429 argumentatur,
620 380 704 416 eius
743 379 952 417 auctoritas
984 382 1023 417 et
1055 379 1152 416 fides
1191 391 1291 428 quae
1328 391 1415 418 esse
1453 380 1610 430 debeat,
1655 392 1753 431 opus

268 462 344 488 non
377 453 452 496 est,
486 450 639 498 opinor,
673 449 885 498 explicatu.

386 520 568 558 Proximo
601 519 876 568 disputationis
909 519 1034 568 capite
1067 517 1124 573 (4)
1159 520 1337 568 Pohlius,
1370 532 1469 571 quae
1501 533 1524 559 a
1555 520 1755 560 Dindorfio

269 591 432 640 eiusque
477 589 644 627 satellite
686 589 834 638 Langio
873 593 1006 627 contra
1043 589 1310 628 Memorabilia
1347 594 1523 629 extrema
1561 591 1756 641 dicuntur,

268 662 368 699 bene
400 660 598 708 redarguit
631 656 683 711 (p.
709 659 916 709 55—63);
955 663 1072 709 atque
1104 665 1300 710 postremo
1332 660 1388 711 (5)
1428 661 1756 711 quomadmodum

268 731 460 780 Apologia
491 734 575 768 orta
596 731 774 769 videatur
795 742 882 768 esse
905 731 1080 768 disserit:
1113 743 1195 769 non
1215 734 1322 768 enim
1343 731 1513 770 libellum
1534 735 1754 781 separatum

269 802 354 839 eins
385 805 577 839 auctorem
611 801 770 839 scribere
800 801 986 848 voluis-se,
1020 801 1087 839 sed
1114 801 1309 850 yenuincce
1329 802 1646 841 Memorabilium
1669 816 1757 841 eon-

269 872 455 918 clzcsz'onz',
487 884 577 910 cum
610 872 728 909 etiam·
766 871 809 909 cle
847 872 952 909 exim
994 872 1163 910 Socratis
1203 872 1407 910 dicendum
1445 871 1601 922 aliquid
1634 873 1758 922 fuisse

269 946 450 989 censeret,
490 955 632 980 novam
663 955 707 980 ae
734 943 948 992 pleniorem
984 943 1235 989 substituera;
1274 947 1440 981 ceterum
1475 955 1558 981 non
1593 943 1635 981 id
1670 956 1756 982 eum

270 1014 391 1062 eyissa
422 1016 465 1051 ut
488 1026 565 1063 pro
597 1013 851 1062 Xenophonte
890 1013 1104 1060 haberetur,
1144 1013 1210 1051 sed
1241 1013 1524 1052 eoeereitationis
1560 1026 1681 1052 eausa
1717 1027 1758 1052 ea

271 1082 516 1133 scripsisse&

389 1154 528 1204 Itaque
559 1157 604 1192 ut
635 1154 682 1192 de
715 1153 1029 1192 Memorabilium
1061 1154 1313 1192 conclusione
1335 1155 1516 1193 Pohlium
1549 1155 1649 1193 bene
1679 1167 1760 1194 me-

270 1224 398 1263 ruisse
429 1225 563 1273 negari
595 1237 672 1262 non
702 1227 847 1274 potest,
880 1225 935 1262 ita
965 1224 1016 1262 ad
1048 1237 1131 1262 eain
1165 1225 1450 1274 quaestionem,
1488 1237 1590 1275 quae
1621 1228 1682 1264 est
1713 1226 1760 1264 de

271 1295 485 1345 Apologiae
517 1299 692 1343 auctore,
725 1306 775 1333 ex
808 1295 894 1333 eius
926 1294 1202 1333 dissertatione
1233 1295 1325 1333 boni
1355 1296 1508 1334 fructus
1539 1295 1639 1333 nihil
1674 1308 1761 1346 per-

272 1366 434 1415 cipitur,
472 1369 677 1416 propterea
715 1365 902 1414 maxime,
941 1365 1034 1415 quia
1071 1366 1357 1404 causidicorum
1395 1366 1571 1405 artificiis
1607 1367 1761 1405 abunde

271 1436 412 1484 utitur,
456 1436 652 1486 permulta
689 1437 738 1474 ad
775 1436 982 1474 libidinem
1021 1437 1304 1486 arbitriumque
1341 1438 1439 1486 agit,
1484 1438 1611 1476 iustae
1648 1450 1760 1487 argu-

272 1507 522 1545 mentationis
555 1507 639 1545 loco
678 1507 741 1545 hic
774 1507 856 1544 illic
887 1507 1044 1545 lectoris
1083 1507 1257 1545 animum
1294 1508 1519 1557 praestigiis
1557 1509 1760 1547 verborum

273 1577 378 1615 subit
401 1600 455 1604 —
479 1589 567 1615 nam
591 1589 708 1627 quam
731 1577 835 1615 latus
857 1578 1012 1615 incedat
1034 1578 1239 1625 magnifico
1265 1589 1358 1616 suae
1381 1579 1566 1617 orationis
1587 1579 1762 1628 gestiens

272 1651 462 1697 apparatu
494 1650 532 1685 et
562 1648 696 1686 hercle
728 1642 907 1700 ἰσχυρῶς
939 1643 1148 1700 ἀγάμενος
1180 1642 1342 1699 ἑαυτόν,
1375 1649 1440 1687 vel
1460 1649 1578 1687 allata
1608 1662 1631 1687 a
1651 1649 1763 1688 nobis

276 1719 460 1767 exempla
503 1719 649 1756 affatim
694 1708 894 1757 declarant
934 1741 1009 1767 —,
1055 1720 1174 1757 nimio
1219 1719 1389 1769 denique
1432 1720 1627 1769 opinionis
1671 1732 1763 1759 suae

274 1788 402 1826 studio
435 1789 666 1827 obtinendae
697 1790 910 1839 propulsus
941 1789 1116 1828 veritatis
1147 1790 1398 1840 iustitiaeque
1431 1790 1630 1839 egreditur
1658 1791 1765 1829 haud

273 1871 359 1897 raro
390 1859 588 1897 terminos.

393 1930 445 1968 Π.
478 1930 615 1968 Nihilo
637 1930 768 1968 minus
791 1942 984 1969 summam
1007 1943 1143 1969 eorum
1165 1935 1225 1970 est
1246 1931 1412 1981 adeptus
1433 1931 1764 1981 approbationem,

274 2000 341 2049 qui
378 2000 536 2050 publica
580 2001 628 2039 de
674 2001 759 2039 eius
803 2001 1131 2040 commentatione
1177 2002 1322 2040 iudicia
1367 2002 1557 2048 tulerunt,
1602 2002 1764 2053 Hugii2)

273 2070 523 2121 Nitschiique
535 2070 581 2122 3),
626 2083 672 2109 ac
709 2071 1018 2122 Schenklius,
1064 2084 1153 2110 cum
1192 2073 1240 2110 de
1279 2072 1591 2110 Memorabilium
1634 2073 1764 2123 capite

275 2144 452 2179 extremo
495 2142 531 2179 ei
575 2142 824 2192 obloquatur,
870 2143 917 2181 de
955 2143 1147 2192 Apologia
1186 2143 1301 2192 plane
1345 2155 1436 2180 cum
1473 2155 1519 2181 eo
1557 2143 1763 2182 consentit.

275 2210 351 2259 Qui
382 2212 535 2250 etiamsi
556 2213 800 2261 argumentis
822 2216 956 2251 contra
977 2213 1208 2263 Apologiam
1228 2213 1391 2263 prolatis
1412 2214 1470 2251 nil
1490 2213 1581 2251 novi
1601 2213 1763 2264 addidit,

396 2338 430 2381 1)
458 2338 508 2372 Cf.
541 2349 574 2382 p.
598 2338 659 2372 64:
692 2331 814 2372 '‘Dass
851 2349 891 2372 er
921 2338 980 2372 die
1011 2338 1164 2372 Absieht
1201 2338 1304 2373 nieht
1340 2339 1419 2380 hat,
1459 2338 1522 2373 ein
1558 2339 1765 2374 besonderes

277 2396 509 2439 Sehriftchen
534 2407 585 2430 zu
609 2397 816 2440 sehrez'ben,
844 2397 985 2431 bezceist
1011 2398 1075 2431 der
1100 2397 1264 2442 Anfany.
1314 2397 1420 2432 Auch
1445 2397 1524 2432 will
1554 2410 1594 2432 er
1625 2398 1765 2433 keines-

275 2466 367 2499 ωερε
393 2455 450 2489 als
475 2455 678 2499 Xenophon
700 2456 828 2500 yelten.
879 2457 934 2490 Er
958 2457 1081 2490 wic'rcle
1106 2460 1208 2490 sonet
1233 2456 1292 2490 die
1309 2457 1411 2491 Rolle
1436 2457 1620 2491 desselben
1643 2456 1765 2501 siqni-

274 2513 432 2557 fieanter
453 2514 605 2558 yespe'elt
630 2515 709 2549 und
731 2515 812 2549 sich
837 2515 998 2549 Notiaen
1022 2515 1089 2549 wie
1116 2518 1255 2558 ἤκουσα
1282 2515 1366 2549 oder
1391 2515 1459 2550 wie
1485 2513 1567 2549 οἷον
1590 2515 1662 2560 ἐγὼ
1689 2515 1764 2558 διή-

275 2585 409 2618 γημαι,
437 2573 496 2607 die
521 2573 639 2608 direlct
664 2573 739 2617 auf
756 2574 960 2619 Xenophon
984 2574 1134 2617 wei-sen,
1167 2574 1269 2608 nieht
1295 2574 1411 2608 haben
1435 2575 1607 2618 entqehen
1632 2574 1764 2608 Zassen.

278 2655 285 2664 .
301 2657 308 2664 .
325 2657 332 2665 .
360 2631 415 2665 Er
439 2642 525 2676 may
550 2631 651 2666 seme
676 2632 804 2666 Arban
829 2633 1011 2667 mmc'iehst
1042 2633 1134 2666 20th
1165 2644 1234 2667 ans
1267 2632 1429 2676 eiyenem
1453 2632 1659 2676 Bedz'c‘rfm's
1689 2632 1768 2667 und

276 2690 333 2723 als
367 2682 496 2734 &hung
521 2690 565 2724 in
590 2691 654 2725 cler
678 2691 953 2735 Reproduction
978 2691 1336 2736 Xenophontez'seher
1359 2691 1553 2726 Gedanlcen
1578 2691 1767 2735 anyestellt

275 2748 354 2782 ‘med
378 2748 481 2782 dann
505 2748 645 2783 seinem
671 2749 1141 2794 Iblemorabilienexemplar
1165 2749 1339 2794 anyefic'yt
1363 2749 1502 2784 haben)

394 2806 431 2850 2)
456 2807 534 2841 Jen.
561 2807 818 2852 Lit.-Ze2·t2m9
846 2808 947 2852 1874,
974 2820 1007 2852 p.
1023 2807 1090 2843 579
1106 2818 1132 2842 s.

396 2865 432 2909 3)
457 2865 633 2901 Zeitsehr.
659 2866 686 2909 f.
718 2867 983 2911 Gymnasialw.
1012 2866 1114 2911 1874,
1140 2878 1174 2911 p.
1189 2866 1267 2901 951.
