1820 3340
1500 238 1550 275 31

68 368 163 395 voce
201 355 477 406 comprehendi
514 359 632 405 patet.
696 355 838 394 Contra
874 355 916 392 in
948 354 1062 392 Mem.
1094 354 1217 392 multo
1255 354 1386 391 minus
1417 358 1555 402 argute

69 426 234 465 eandem
264 426 357 475 poni
378 425 505 473 vides,
538 426 732 476 siquidem
763 425 872 463 nullo
901 425 1041 463 damno
1063 437 1084 463 e
1106 427 1296 463 contextu
1317 424 1402 462 tolli
1425 427 1555 473 potest

69 500 109 535 et
138 497 209 545 ita,
247 499 291 534 ut
321 496 420 534 nihil
451 497 607 534 omnino
640 496 896 534 desideretur.
957 495 1081 544 Atqui
1119 506 1248 533 nonne
1278 494 1360 532 veri
1400 494 1555 532 similli-

69 579 176 605 mum
214 570 274 606 est
310 578 385 604 non
422 566 488 604 ubi
521 578 811 615 supervacanea
842 569 917 613 est,
959 566 1028 603 sed
1062 565 1116 602 ibi
1147 577 1233 602 eam
1264 564 1435 614 primum
1468 576 1554 602 esse

68 637 251 688 positam,
284 637 352 674 ubi
383 649 428 674 ea
460 648 558 686 opus
590 640 671 674 erat
702 636 848 686 ubique
881 648 998 674 suum
1028 637 1159 674 locum
1191 636 1363 673 obtinet?

187 707 267 745 Vix
298 707 438 745 deinde
460 719 609 755 vereor,
642 718 691 744 ne
719 706 863 744 nimiae
892 706 1113 755 sagacitatis
1141 718 1298 755 arguar,
1332 705 1364 743 51
1387 705 1555 743 similem

69 778 263 828 quendam
294 778 423 816 locum
454 789 505 815 ex
536 777 650 815 Mem.
684 776 755 828 §4
788 789 934 815 eruero.
986 776 1083 814 Eam
1116 777 1220 814 enim
1252 788 1338 814 esse
1371 776 1555 814 orationis

69 861 186 899 quam
223 849 359 886 dicunt
396 847 575 897 obliquae
606 851 785 885 naturam
816 848 1084 896 rationemque
1117 850 1286 895 constat,
1323 849 1368 884 ut
1399 858 1444 884 ea
1475 858 1555 884 non

68 919 282 958 reddantur
311 919 560 968 plerumque,
599 918 676 956 nisi
708 930 807 968 quae
837 917 885 956 ad
918 918 1045 967 ipsam
1076 929 1159 955 rem
1190 916 1338 966 aliquid
1369 916 1556 954 momenti

68 989 233 1038 faciunt,
255 992 370 1039 atque
390 992 434 1026 ut
454 989 563 1038 ipsae
584 992 734 1026 tantum
757 987 973 1026 sententiae
995 987 1280 1037 exprimantur,
1304 999 1403 1037 quae
1425 993 1556 1024 autem

68 1060 116 1099 ad
148 1072 214 1098 eas
246 1060 404 1108 gravius
435 1059 712 1109 praedicandas
740 1059 996 1096 verborumve
1029 1058 1181 1107 pondus
1213 1058 1436 1106 augendum
1468 1069 1556 1106 per-

68 1130 210 1179 tinent,
240 1131 349 1168 velut
386 1130 694 1177 interiectiones,
733 1129 977 1167 omittantur:
1020 1129 1054 1166 si
1093 1128 1196 1166 enim
1234 1140 1312 1166 non
1349 1140 1411 1166 res
1447 1128 1556 1177 ipsas

69 1205 239 1249 tantum,
280 1201 350 1239 sed
381 1200 485 1248 eius,
523 1201 636 1238 0111115
668 1201 786 1238 verba
817 1201 1049 1247 afferuntur,
1087 1200 1271 1237 affectum
1302 1210 1457 1249 quoque
1489 1211 1556 1236 ex-

69 1271 237 1321 primere
268 1272 467 1319 volumus,
505 1271 678 1309 oratione
716 1270 774 1308 uti
813 1271 984 1309 solemus
1017 1274 1134 1308 recta.
1198 1269 1262 1308 Sic
1293 1269 1411 1307 verba
1442 1269 1556 1319 Apol.

69 1341 141 1393 §3
180 1339 339 1395 »ἥνπερ
378 1335 534 1392 νομίζω
571 1337 751 1395 μελέτην
789 1332 900 1379 εἶναι
937 1334 1169 1394 καλλίστην
1207 1333 1471 1392 ἀπολογίαςιι
1508 1340 1556 1377 ad

70 1424 154 1450 rem
190 1413 291 1450 1111111
327 1413 416 1450 novi
454 1413 608 1460 afferre,
653 1412 723 1450 sed
759 1412 967 1450 verborum
1005 1411 1188 1461 ponderis
1226 1411 1395 1460 augendi
1439 1422 1556 1448 causa

69 1483 208 1521 adesse
240 1483 493 1533 perspicuum
525 1486 595 1521 est.
658 1482 780 1532 Atqui
811 1482 945 1520 eadem
976 1482 1018 1519 in
1049 1482 1164 1519 Mem.
1197 1482 1369 1519 oratione
1401 1481 1557 1530 obliqua

69 1557 286 1592 recurrunt.
349 1552 392 1592 Si
423 1556 555 1591 autem
587 1553 795 1602 diligenter
825 1553 941 1590 istam
972 1552 1088 1590 Mem.
1123 1552 1356 1590 sententiam
1392 1563 1557 1600 perpen-

70 1625 190 1674 deris,
212 1625 281 1662 vix
310 1624 460 1672 dubito,
494 1624 589 1674 quin
610 1623 699 1662 istic
720 1624 817 1662 haec
838 1623 953 1662 verba
980 1623 1082 1660 haud
1104 1622 1325 1672 exspectari
1347 1622 1558 1672 minusque

70 1695 269 1734 commode
302 1694 475 1732 adhibita
513 1706 600 1732 esse
639 1694 795 1732 sentias.
871 1693 997 1741 Quare
1033 1693 1120 1731 ideo
1157 1696 1311 1731 tantum
1349 1705 1394 1731 ea
1431 1693 1478 1730 ab
1515 1692 1556 1729 M

71 1765 195 1815 posita
225 1765 335 1803 vides
366 1777 470 1814 esse,
509 1765 612 1815 quod
649 1766 691 1802 in
722 1764 894 1803 oratione
926 1767 1031 1803 recta
1063 1763 1317 1813 exemplaris,
1357 1776 1432 1814 quo
1471 1766 1556 1801 ute-

72 1836 202 1885 batur,
241 1848 286 1874 ea
316 1835 484 1885 invenit,
524 1847 685 1885 prorsus
717 1835 822 1873 enim
853 1835 950 1872 mihi
982 1846 1216 1884 persuasum
1249 1838 1312 1873 est
1342 1834 1557 1881 neminem,

71 1906 139 1956 qui
160 1906 384 1944 memoriter
405 1905 574 1944 Socratis
595 1906 714 1944 verba
734 1909 886 1955 repetat
907 1905 1080 1943 oratione
1103 1905 1274 1955 obliqua,
1306 1905 1382 1942 ista
1403 1916 1558 1954 quoque

70 1977 313 2015 redditurum
345 1988 442 2015 esse.

190 2047 266 2085 Ter
296 2047 477 2085 videmus
514 2047 753 2085 infinitivum
785 2047 824 2084 111
856 2047 967 2096 Apol.
1000 2049 1090 2095 post
1121 2039 1220 2084 ἐπεὶ
1250 2045 1316 2083 vel
1348 2041 1406 2091 ὡς
1442 2056 1556 2082 usur-

71 2122 206 2168 patum
247 2119 294 2156 ab
339 2118 379 2155 M
422 2118 576 2156 evitari:
623 2118 670 2156 cf.
714 2117 826 2167 Apol.
858 2119 881 2155 3
932 2112 1057 2168 „gnei
1101 2113 1138 2154 δ’
1175 2111 1302 2154 αὐτὸν
1346 2110 1552 2167 ἐρέσθαιιι

72 2201 162 2227 011111
193 2189 307 2227 Mem.
330 2189 357 2227 4
391 2184 521 2237 „enei
553 2183 600 2226 δὲ
632 2183 760 2226 αὐτὸν
792 2183 956 2241 ἤρετοιί,
994 2187 1106 2236 Apol.
1131 2188 1157 2225 4
1191 2180 1320 2235 „gruel
1353 2181 1399 2224 δὲ
1431 2181 1559 2224 αὐτὸν

72 2255 211 2298 πάλιν
241 2255 404 2311 λέγειν(ι
437 2272 529 2297 011111
560 2259 676 2297 Μο111.
701 2260 724 2297 5
760 2254 916 2308 ,,αὖτός
947 2253 994 2296 δὲ
1022 2254 1159 2296 πάλιν
1180 2251 1362 2305 εἶπεῖνίί,
1393 2257 1507 2306 Apol.
1531 2257 1555 2294 5

74 2327 162 2379 „dig
183 2325 229 2368 δὲ
251 2325 378 2369 αὐτὸν
401 2324 570 2369 εἰπεῖν(
603 2342 693 2368 011111
724 2329 840 2367 Μο111.
866 2331 888 2368 6
923 2324 1026 2378 „nal
1048 2324 1175 2375 αὐτὸς
1195 2322 1376 2366 εἰπεῖνίι.
1424 2327 1560 2365 Altera

73 2401 212 2439 harum
242 2401 501 2439 mutationum
534 2401 629 2450 quid
662 2401 847 2439 effectum
885 2399 950 2451 sit,
988 2400 1067 2437 iam
1097 2399 1363 2448 inspiciamus.
1416 2397 1559 2435 Verbis

74 2471 179 2510 0111111
216 2471 327 2521 Apol.
362 2470 434 2522 §3
473 2468 575 2520 „zov
613 2466 660 2509 δὲ
696 2467 745 2509 τὸ
782 2465 860 2521 μὲν
897 2473 1071 2522 πρῶτον
1106 2463 1467 2522 ἄποἰιριίἰὶισθοειιι
1499 2480 1558 2506 re-

76 2542 267 2592 spondere
289 2554 388 2592 quae
410 2545 630 2592 sequuntur
662 2542 686 2592 ς’
709 2542 735 2579 4
769 2534 898 2590 „gnei
920 2536 967 2579 δὲ
988 2536 1116 2579 αὐτὸν
1137 2536 1275 2578 πάλιν
1296 2534 1432 2591 λέγειν
1454 2569 1461 2577 .
1486 2569 1493 2577 .
1518 2568 1525 2576 .
1550 2568 1558 2576 .

75 2609 211 2666 φάναι
250 2608 404 2651 αὐτόν(ι
450 2612 667 2650 dilucidum
710 2615 786 2660 est,
833 2623 932 2661 quae
976 2611 1177 2660 responsio
1216 2610 1421 2660 paululum
1465 2610 1560 2647 licet

76 2683 307 2721 obscuretur
327 2683 530 2721 interiecto
554 2677 674 2730 „enei
703 2677 750 2720 δὲ
781 2677 908 2719 αὐτὸν
930 2675 1151 2733 ἔρέσθαιῑι,
1183 2680 1409 2730 ceteroquin
1431 2679 1561 2718 omnia

76 2753 220 2803 optime
258 2765 300 2792 se
338 2754 496 2791 habent:
536 2765 612 2790 una
649 2753 754 2791 enim
793 2752 1008 2790 enuntiatio
1046 2751 1215 2789 efficitur
1251 2750 1506 2800 paragraphis
1534 2751 1557 2788 3

76 2827 115 2862 et
145 2825 189 2872 4,
227 2824 339 2862 cuius
377 2824 595 2862 subiectum
628 2823 807 2862 Socrates
845 2825 922 2871 est,
962 2823 1035 2860 hoc
1066 2821 1198 2860 modo:
1239 2821 1448 2869 „Socrates
1480 2819 1559 2870 pri-

76 2905 185 2932 mum
221 2895 294 2933 hoc
331 2894 432 2932 dixit
464 2924 583 2943 ....,
629 2906 719 2932 cum
754 2897 885 2933 autem
923 2893 1064 2931 iterum
1101 2892 1368 2941 Hermogenes
1407 2891 1559 2942 quaesi-
