<?xml version="1.0" encoding="UTF-8"?>
<!DOCTYPE html PUBLIC "-//W3C//DTD XHTML 1.0 Transitional//EN"
    "http://www.w3.org/TR/xhtml1/DTD/xhtml1-transitional.dtd">
<html xmlns="http://www.w3.org/1999/xhtml" xml:lang="en" lang="en">
 <head>
  <title>
</title>
<meta http-equiv="Content-Type" content="text/html;charset=utf-8" />
  <meta name='ocr-system' content='tesseract 3.04.00' />
  <meta name='ocr-capabilities' content='ocr_page ocr_carea ocr_par ocr_line ocrx_word'/>
</head>
<body>
  <div class='ocr_page' id='page_1' title='image "./xenophontisqvaef00fricuoft_0026.png"; bbox 0 0 1820 3340; ppageno 0'>
   <div class='ocr_carea' id='block_1_1' title="bbox 242 239 294 277">
    <p class='ocr_par' dir='ltr' id='par_1_1' title="bbox 242 239 294 277">
     <span class='ocr_line' id='line_1_1' title="bbox 242 239 294 277; baseline -0.019 0"><span class='ocrx_word' id='word_1_1' title='bbox 242 239 294 277; x_wconf 81' lang='lat'>22</span> 
     </span>
    </p>
   </div>
   <div class='ocr_carea' id='block_1_2' title="bbox 239 351 1742 2384">
    <p class='ocr_par' dir='ltr' id='par_1_2' title="bbox 239 351 1738 761">
     <span class='ocr_line' id='line_1_2' title="bbox 359 351 1736 407; baseline 0.002 -14"><span class='ocrx_word' id='word_1_2' title='bbox 359 355 487 394; x_wconf 86' lang='lat' dir='ltr'>Simili</span> <span class='ocrx_word' id='word_1_3' title='bbox 501 355 648 393; x_wconf 81' lang='lat' dir='ltr'>ratione</span> <span class='ocrx_word' id='word_1_4' title='bbox 661 354 845 393; x_wconf 80' lang='lat' dir='ltr'>videntur</span> <span class='ocrx_word' id='word_1_5' title='bbox 866 357 1041 393; x_wconf 83' lang='lat' dir='ltr'>correcta</span> <span class='ocrx_word' id='word_1_6' title='bbox 1062 366 1149 393; x_wconf 83' lang='lat' dir='ltr'>esse</span> <span class='ocrx_word' id='word_1_7' title='bbox 1170 356 1287 394; x_wconf 89' lang='lat' dir='ltr'>verba</span> <span class='ocrx_word' id='word_1_8' title='bbox 1307 356 1420 406; x_wconf 87' lang='lat' dir='ltr'>Apol.</span> <span class='ocrx_word' id='word_1_9' title='bbox 1440 355 1464 407; x_wconf 62' lang='grc' dir='ltr'>ἓ</span> <span class='ocrx_word' id='word_1_10' title='bbox 1481 357 1534 396; x_wconf 81' lang='grc'>26</span> <span class='ocrx_word' id='word_1_11' title='bbox 1557 351 1736 405; x_wconf 80' lang='grc' dir='ltr'><em>,,οὐόένα</em></span> 
     </span>
     <span class='ocr_line' id='line_1_3' title="bbox 240 418 1738 480; baseline 0.001 -16"><span class='ocrx_word' id='word_1_12' title='bbox 240 418 431 479; x_wconf 81' lang='grc' dir='ltr'><em>ἐποίησα</em></span> <span class='ocrx_word' id='word_1_13' title='bbox 462 420 801 480; x_wconf 49' lang='grc' dir='ltr'><em>πονηρότερονίῐι</em></span> <span class='ocrx_word' id='word_1_14' title='bbox 834 425 1085 475; x_wconf 73' lang='lat' dir='ltr'>displicuisse</span> <span class='ocrx_word' id='word_1_15' title='bbox 1126 426 1231 463; x_wconf 90' lang='lat' dir='ltr'>enim</span> <span class='ocrx_word' id='word_1_16' title='bbox 1261 426 1417 465; x_wconf 82' lang='lat' dir='ltr'>videtur</span> <span class='ocrx_word' id='word_1_17' title='bbox 1443 427 1484 465; x_wconf 89' lang='lat' dir='ltr'>M</span> <span class='ocrx_word' id='word_1_18' title='bbox 1507 450 1562 455; x_wconf 97' lang='lat'><strong>—</strong></span> <span class='ocrx_word' id='word_1_19' title='bbox 1590 430 1636 466; x_wconf 88' lang='lat' dir='ltr'>ut</span> <span class='ocrx_word' id='word_1_20' title='bbox 1663 427 1738 466; x_wconf 88' lang='lat' dir='ltr'>hac</span> 
     </span>
     <span class='ocr_line' id='line_1_4' title="bbox 240 493 1736 552; baseline 0.002 -18"><span class='ocrx_word' id='word_1_21' title='bbox 240 496 371 534; x_wconf 83' lang='lat' dir='ltr'>littera</span> <span class='ocrx_word' id='word_1_22' title='bbox 403 499 601 534; x_wconf 79' lang='lat' dir='ltr'>auctorem</span> <span class='ocrx_word' id='word_1_23' title='bbox 638 495 748 533; x_wconf 92' lang='lat' dir='ltr'>illius</span> <span class='ocrx_word' id='word_1_24' title='bbox 786 496 925 545; x_wconf 87' lang='lat' dir='ltr'>capitis</span> <span class='ocrx_word' id='word_1_25' title='bbox 964 496 1198 535; x_wconf 79' lang='lat' dir='ltr'>denotemus</span> <span class='ocrx_word' id='word_1_26' title='bbox 1230 520 1285 524; x_wconf 82' lang='lat'>-—</span> <span class='ocrx_word' id='word_1_27' title='bbox 1318 509 1396 535; x_wconf 79' lang='lat' dir='ltr'>vox</span> <span class='ocrx_word' id='word_1_28' title='bbox 1434 493 1736 552; x_wconf 75' lang='grc' dir='ltr'><em>πονηρότερον,</em></span> 
     </span>
     <span class='ocr_line' id='line_1_5' title="bbox 240 566 1738 619; baseline 0.001 -15"><span class='ocrx_word' id='word_1_29' title='bbox 240 566 387 617; x_wconf 81' lang='lat' dir='ltr'>quippe</span> <span class='ocrx_word' id='word_1_30' title='bbox 421 579 472 604; x_wconf 76' lang='lat' dir='ltr'>ex</span> <span class='ocrx_word' id='word_1_31' title='bbox 503 579 579 616; x_wconf 89' lang='lat' dir='ltr'>qua</span> <span class='ocrx_word' id='word_1_32' title='bbox 611 566 928 604; x_wconf 88' lang='lat' dir='ltr'>concludendum</span> <span class='ocrx_word' id='word_1_33' title='bbox 960 570 1085 619; x_wconf 85' lang='lat' dir='ltr'>esset,</span> <span class='ocrx_word' id='word_1_34' title='bbox 1122 567 1163 604; x_wconf 90' lang='lat' dir='ltr'>id</span> <span class='ocrx_word' id='word_1_35' title='bbox 1194 568 1300 617; x_wconf 89' lang='lat' dir='ltr'>quod</span> <span class='ocrx_word' id='word_1_36' title='bbox 1337 568 1447 606; x_wconf 86' lang='lat' dir='ltr'>nullo</span> <span class='ocrx_word' id='word_1_37' title='bbox 1485 568 1600 607; x_wconf 86' lang='lat' dir='ltr'>modo</span> <span class='ocrx_word' id='word_1_38' title='bbox 1631 568 1738 607; x_wconf 85' lang='lat' dir='ltr'>credi</span> 
     </span>
     <span class='ocr_line' id='line_1_6' title="bbox 240 635 1737 693; baseline 0.001 -18"><span class='ocrx_word' id='word_1_39' title='bbox 240 640 392 687; x_wconf 85' lang='lat' dir='ltr'>poterat</span> <span class='ocrx_word' id='word_1_40' title='bbox 413 638 461 675; x_wconf 89' lang='lat' dir='ltr'>de</span> <span class='ocrx_word' id='word_1_41' title='bbox 484 637 654 675; x_wconf 82' lang='lat' dir='ltr'>Socratis</span> <span class='ocrx_word' id='word_1_42' title='bbox 676 637 898 687; x_wconf 78' lang='lat' dir='ltr'>discipulis⁷</span> <span class='ocrx_word' id='word_1_43' title='bbox 925 640 1039 676; x_wconf 84' lang='lat' dir='ltr'>antea</span> <span class='ocrx_word' id='word_1_44' title='bbox 1066 649 1132 676; x_wconf 85' lang='lat' dir='ltr'>eos</span> <span class='ocrx_word' id='word_1_45' title='bbox 1153 635 1369 693; x_wconf 80' lang='grc' dir='ltr'><em>πονηροὺς</em></span> <span class='ocrx_word' id='word_1_46' title='bbox 1390 639 1514 677; x_wconf 82' lang='lat' dir='ltr'>fuisse</span> <span class='ocrx_word' id='word_1_47' title='bbox 1526 638 1573 690; x_wconf 85' lang='lat'>1);</span> <span class='ocrx_word' id='word_1_48' title='bbox 1605 639 1737 689; x_wconf 87' lang='lat' dir='ltr'>itaque</span> 
     </span>
     <span class='ocr_line' id='line_1_7' title="bbox 239 701 569 761; baseline 0 -15"><span class='ocrx_word' id='word_1_49' title='bbox 239 701 366 761; x_wconf 86' lang='grc' dir='ltr'><em>χείρω</em></span> <span class='ocrx_word' id='word_1_50' title='bbox 399 707 569 756; x_wconf 79' lang='lat' dir='ltr'>corrigit.</span> 
     </span>
    </p>

    <p class='ocr_par' dir='ltr' id='par_1_3' title="bbox 241 773 1742 2384">
     <span class='ocr_line' id='line_1_8' title="bbox 360 773 1740 835; baseline 0.001 -19"><span class='ocrx_word' id='word_1_51' title='bbox 360 778 512 817; x_wconf 84' lang='lat' dir='ltr'>Deinde</span> <span class='ocrx_word' id='word_1_52' title='bbox 544 778 804 828; x_wconf 86' lang='lat' dir='ltr'>comparanda</span> <span class='ocrx_word' id='word_1_53' title='bbox 826 781 887 816; x_wconf 83' lang='lat' dir='ltr'>est</span> <span class='ocrx_word' id='word_1_54' title='bbox 908 779 1020 828; x_wconf 88' lang='lat' dir='ltr'>Apol.</span> <span class='ocrx_word' id='word_1_55' title='bbox 1046 778 1069 830; x_wconf 69' lang='grc' dir='ltr'>ξ</span> <span class='ocrx_word' id='word_1_56' title='bbox 1092 780 1138 818; x_wconf 89' lang='grc'>4;</span> <span class='ocrx_word' id='word_1_57' title='bbox 1173 774 1245 829; x_wconf 67' lang='grc' dir='ltr'>οὐχ</span> <span class='ocrx_word' id='word_1_58' title='bbox 1276 776 1377 833; x_wconf 73' lang='grc' dir='ltr'><em>ὁρᾷς</em></span> <span class='ocrx_word' id='word_1_59' title='bbox 1408 777 1462 818; x_wconf 82' lang='grc' dir='ltr'>τὰ</span> <span class='ocrx_word' id='word_1_60' title='bbox 1492 773 1740 835; x_wconf 75' lang='grc' dir='ltr'><em>Ἀθηναίων</em></span> 
     </span>
     <span class='ocr_line' id='line_1_9' title="bbox 242 844 1738 903; baseline 0.001 -16"><span class='ocrx_word' id='word_1_61' title='bbox 242 844 520 903; x_wconf 74' lang='grc' dir='ltr'><em>δικαστήρια,</em></span> <span class='ocrx_word' id='word_1_62' title='bbox 555 846 612 895; x_wconf 86' lang='grc' dir='ltr'>ὡς</span> <span class='ocrx_word' id='word_1_63' title='bbox 643 845 860 896; x_wconf 77' lang='grc' dir='ltr'><em>πολλάκις</em></span> <span class='ocrx_word' id='word_1_64' title='bbox 890 845 969 899; x_wconf 75' lang='grc' dir='ltr'>μὲν</span> <span class='ocrx_word' id='word_1_65' title='bbox 1001 844 1122 888; x_wconf 72' lang='grc' dir='ltr'><em>οὐδὲν</em></span> <span class='ocrx_word' id='word_1_66' title='bbox 1154 845 1408 898; x_wconf 72' lang='grc' dir='ltr'><em>ἀδικοῦντας</em></span> <span class='ocrx_word' id='word_1_67' title='bbox 1446 847 1556 903; x_wconf 79' lang='grc' dir='ltr'><em>λόγῳ</em></span> <span class='ocrx_word' id='word_1_68' title='bbox 1590 863 1738 902; x_wconf 89' lang='grc' dir='ltr'><em>παρα-</em></span> 
     </span>
     <span class='ocr_line' id='line_1_10' title="bbox 243 915 1739 975; baseline 0.001 -17"><span class='ocrx_word' id='word_1_69' title='bbox 243 915 422 969; x_wconf 69' lang='grc' dir='ltr'><em>χθέντες</em></span> <span class='ocrx_word' id='word_1_70' title='bbox 453 915 732 969; x_wconf 77' lang='grc' dir='ltr'><em>ἀπέκτειναν,</em></span> <span class='ocrx_word' id='word_1_71' title='bbox 766 916 983 967; x_wconf 76' lang='grc' dir='ltr'><em>πολλάκις</em></span> <span class='ocrx_word' id='word_1_72' title='bbox 1014 915 1061 958; x_wconf 76' lang='grc' dir='ltr'>δὲ</span> <span class='ocrx_word' id='word_1_73' title='bbox 1087 916 1341 968; x_wconf 73' lang='grc' dir='ltr'><em>ἀδικοῦντας</em></span> <span class='ocrx_word' id='word_1_74' title='bbox 1372 918 1397 975; x_wconf 76' lang='grc' dir='ltr'>ἢ</span> <span class='ocrx_word' id='word_1_75' title='bbox 1430 916 1478 959; x_wconf 79' lang='grc' dir='ltr'>ἐκ</span> <span class='ocrx_word' id='word_1_76' title='bbox 1508 925 1585 960; x_wconf 79' lang='grc' dir='ltr'>τοῦ</span> <span class='ocrx_word' id='word_1_77' title='bbox 1613 918 1739 974; x_wconf 81' lang='grc' dir='ltr'><em>λόγου</em></span> 
     </span>
     <span class='ocr_line' id='line_1_11' title="bbox 243 984 1738 1045; baseline 0.001 -16"><span class='ocrx_word' id='word_1_78' title='bbox 243 984 508 1038; x_wconf 74' lang='grc' dir='ltr'><em>οἰκτίσαντες</em></span> <span class='ocrx_word' id='word_1_79' title='bbox 530 988 555 1045; x_wconf 74' lang='grc' dir='ltr'>ἢ</span> <span class='ocrx_word' id='word_1_80' title='bbox 582 984 845 1043; x_wconf 69' lang='grc' dir='ltr'><em>ἐπιχαρίτως</em></span> <span class='ocrx_word' id='word_1_81' title='bbox 867 985 1072 1038; x_wconf 79' lang='grc' dir='ltr'><em>εἰπόντας</em></span> <span class='ocrx_word' id='word_1_82' title='bbox 1094 986 1363 1040; x_wconf 49' lang='grc' dir='ltr'><em>ἀπέλυσανίῑ,</em></span> <span class='ocrx_word' id='word_1_83' title='bbox 1387 1004 1479 1030; x_wconf 89' lang='lat' dir='ltr'>cum</span> <span class='ocrx_word' id='word_1_84' title='bbox 1505 992 1621 1030; x_wconf 91' lang='lat' dir='ltr'>Mem.</span> <span class='ocrx_word' id='word_1_85' title='bbox 1646 991 1669 1043; x_wconf 66' lang='grc' dir='ltr'>ξ</span> <span class='ocrx_word' id='word_1_86' title='bbox 1694 993 1738 1031; x_wconf 87' lang='lat'>5:</span> 
     </span>
     <span class='ocr_line' id='line_1_12' title="bbox 242 1055 1740 1117; baseline 0.001 -18"><span class='ocrx_word' id='word_1_87' title='bbox 242 1057 349 1112; x_wconf 78' lang='grc' dir='ltr'><em>,,οὖχ</em></span> <span class='ocrx_word' id='word_1_88' title='bbox 386 1059 507 1115; x_wconf 80' lang='grc' dir='ltr'><em>ὁρᾷς,</em></span> <span class='ocrx_word' id='word_1_89' title='bbox 542 1055 576 1099; x_wconf 80' lang='grc' dir='ltr'><strong><em>ὦ</em></strong></span> <span class='ocrx_word' id='word_1_90' title='bbox 612 1058 863 1114; x_wconf 77' lang='grc' dir='ltr'><em>Σώκρατες,</em></span> <span class='ocrx_word' id='word_1_91' title='bbox 898 1058 966 1100; x_wconf 80' lang='grc' dir='ltr'>ὅτι</span> <span class='ocrx_word' id='word_1_92' title='bbox 999 1055 1039 1100; x_wconf 78' lang='grc' dir='ltr'>οἱ</span> <span class='ocrx_word' id='word_1_93' title='bbox 1070 1055 1285 1117; x_wconf 72' lang='grc' dir='ltr'><em>Ἀθήνησι</em></span> <span class='ocrx_word' id='word_1_94' title='bbox 1316 1058 1520 1101; x_wconf 79' lang='grc' dir='ltr'><em>δικασταὶ</em></span> <span class='ocrx_word' id='word_1_95' title='bbox 1550 1059 1740 1110; x_wconf 82' lang='grc' dir='ltr'><em>πολλοὺς</em></span> 
     </span>
     <span class='ocr_line' id='line_1_13' title="bbox 241 1127 1738 1187; baseline 0.001 -17"><span class='ocrx_word' id='word_1_96' title='bbox 241 1127 319 1182; x_wconf 71' lang='grc' dir='ltr'>μὲν</span> <span class='ocrx_word' id='word_1_97' title='bbox 363 1127 443 1187; x_wconf 66' lang='grc' dir='ltr'>ἤδη</span> <span class='ocrx_word' id='word_1_98' title='bbox 485 1129 620 1186; x_wconf 79' lang='grc' dir='ltr'><em>μηδὲν</em></span> <span class='ocrx_word' id='word_1_99' title='bbox 665 1128 922 1179; x_wconf 76' lang='grc' dir='ltr'><em>ἀδικοῦντας</em></span> <span class='ocrx_word' id='word_1_100' title='bbox 967 1128 1078 1185; x_wconf 78' lang='grc' dir='ltr'><em>λόγῳ</em></span> <span class='ocrx_word' id='word_1_101' title='bbox 1122 1128 1422 1185; x_wconf 70' lang='grc' dir='ltr'><em>παραχθέντες</em></span> <span class='ocrx_word' id='word_1_102' title='bbox 1466 1128 1738 1183; x_wconf 73' lang='grc' dir='ltr'><em>ἀπέκτειναν,</em></span> 
     </span>
     <span class='ocr_line' id='line_1_14' title="bbox 244 1198 1740 1251; baseline 0.001 -11"><span class='ocrx_word' id='word_1_103' title='bbox 244 1200 435 1250; x_wconf 74' lang='grc' dir='ltr'><em>πολλοὺς</em></span> <span class='ocrx_word' id='word_1_104' title='bbox 463 1198 510 1241; x_wconf 73' lang='grc' dir='ltr'>δὲ</span> <span class='ocrx_word' id='word_1_105' title='bbox 543 1198 799 1250; x_wconf 74' lang='grc' dir='ltr'><em>ἀδικοῦντας</em></span> <span class='ocrx_word' id='word_1_106' title='bbox 830 1198 1094 1241; x_wconf 74' lang='grc' dir='ltr'><em>ἀπέλυσαν.“</em></span> <span class='ocrx_word' id='word_1_107' title='bbox 1146 1203 1258 1251; x_wconf 81' lang='lat' dir='ltr'>Quod</span> <span class='ocrx_word' id='word_1_108' title='bbox 1285 1204 1390 1242; x_wconf 89' lang='lat' dir='ltr'>enim</span> <span class='ocrx_word' id='word_1_109' title='bbox 1419 1204 1459 1242; x_wconf 90' lang='lat' dir='ltr'>M</span> <span class='ocrx_word' id='word_1_110' title='bbox 1487 1202 1552 1242; x_wconf 91' lang='lat' dir='ltr'>hic</span> <span class='ocrx_word' id='word_1_111' title='bbox 1579 1204 1740 1243; x_wconf 82' lang='lat' dir='ltr'>exhibet</span> 
     </span>
     <span class='ocr_line' id='line_1_15' title="bbox 246 1266 1740 1328; baseline 0.001 -16"><span class='ocrx_word' id='word_1_112' title='bbox 246 1271 457 1320; x_wconf 72' lang='grc' dir='ltr'><em>δικαστὰς</em></span> <span class='ocrx_word' id='word_1_113' title='bbox 487 1286 556 1324; x_wconf 90' lang='lat' dir='ltr'>pro</span> <span class='ocrx_word' id='word_1_114' title='bbox 589 1266 852 1328; x_wconf 75' lang='grc' dir='ltr'><em>δικαστήρια</em></span> <span class='ocrx_word' id='word_1_115' title='bbox 890 1275 937 1312; x_wconf 92' lang='lat' dir='ltr'>ab</span> <span class='ocrx_word' id='word_1_116' title='bbox 974 1274 1087 1324; x_wconf 85' lang='lat' dir='ltr'>Apol.</span> <span class='ocrx_word' id='word_1_117' title='bbox 1125 1277 1281 1313; x_wconf 86' lang='lat' dir='ltr'>auctore</span> <span class='ocrx_word' id='word_1_118' title='bbox 1318 1275 1608 1313; x_wconf 86' lang='lat' dir='ltr'>constructione</span> <span class='ocrx_word' id='word_1_119' title='bbox 1645 1275 1740 1313; x_wconf 85' lang='lat' dir='ltr'>satis</span> 
     </span>
     <span class='ocr_line' id='line_1_16' title="bbox 242 1344 1740 1394; baseline 0.001 -12"><span class='ocrx_word' id='word_1_120' title='bbox 242 1344 380 1383; x_wconf 80' lang='lat' dir='ltr'>audaci</span> <span class='ocrx_word' id='word_1_121' title='bbox 408 1344 528 1394; x_wconf 88' lang='lat' dir='ltr'>dicto,</span> <span class='ocrx_word' id='word_1_122' title='bbox 560 1348 649 1382; x_wconf 89' lang='lat' dir='ltr'>uter</span> <span class='ocrx_word' id='word_1_123' title='bbox 678 1345 806 1383; x_wconf 82' lang='lat' dir='ltr'>utrius</span> <span class='ocrx_word' id='word_1_124' title='bbox 834 1345 1067 1382; x_wconf 79' lang='lat' dir='ltr'>vocabulum</span> <span class='ocrx_word' id='word_1_125' title='bbox 1095 1345 1305 1383; x_wconf 87' lang='lat' dir='ltr'>emendare</span> <span class='ocrx_word' id='word_1_126' title='bbox 1333 1345 1502 1384; x_wconf 83' lang='lat' dir='ltr'>voluerit</span> <span class='ocrx_word' id='word_1_127' title='bbox 1522 1345 1591 1383; x_wconf 79' lang='lat' dir='ltr'>vix</span> <span class='ocrx_word' id='word_1_128' title='bbox 1625 1345 1740 1383; x_wconf 86' lang='lat' dir='ltr'>credo</span> 
     </span>
     <span class='ocr_line' id='line_1_17' title="bbox 243 1409 1741 1470; baseline 0.001 -18"><span class='ocrx_word' id='word_1_129' title='bbox 243 1427 480 1465; x_wconf 80' lang='lat' dir='ltr'>quemquam</span> <span class='ocrx_word' id='word_1_130' title='bbox 513 1415 782 1453; x_wconf 78' lang='lat' dir='ltr'>dubitaturum</span> <span class='ocrx_word' id='word_1_131' title='bbox 821 1427 919 1453; x_wconf 86' lang='lat' dir='ltr'>esse.</span> <span class='ocrx_word' id='word_1_132' title='bbox 981 1415 1164 1453; x_wconf 88' lang='lat' dir='ltr'>Ceterum</span> <span class='ocrx_word' id='word_1_133' title='bbox 1191 1416 1309 1453; x_wconf 84' lang='lat' dir='ltr'>verba</span> <span class='ocrx_word' id='word_1_134' title='bbox 1340 1416 1452 1465; x_wconf 90' lang='lat' dir='ltr'>Apol.</span> <span class='ocrx_word' id='word_1_135' title='bbox 1502 1413 1563 1470; x_wconf 57' lang='lat' dir='ltr'>„ij</span> <span class='ocrx_word' id='word_1_136' title='bbox 1591 1409 1639 1454; x_wconf 69' lang='grc' dir='ltr'>ἐκ</span> <span class='ocrx_word' id='word_1_137' title='bbox 1665 1418 1741 1455; x_wconf 81' lang='grc' dir='ltr'>τοῦ</span> 
     </span>
     <span class='ocr_line' id='line_1_18' title="bbox 243 1479 1742 1539; baseline 0 -15"><span class='ocrx_word' id='word_1_138' title='bbox 243 1482 368 1538; x_wconf 88' lang='grc' dir='ltr'><em>λόγου</em></span> <span class='ocrx_word' id='word_1_139' title='bbox 391 1479 657 1533; x_wconf 78' lang='grc' dir='ltr'><em>οἰκτίσαντες</em></span> <span class='ocrx_word' id='word_1_140' title='bbox 678 1483 703 1539; x_wconf 78' lang='grc' dir='ltr'>ἢ</span> <span class='ocrx_word' id='word_1_141' title='bbox 725 1479 986 1538; x_wconf 75' lang='grc' dir='ltr'><em>ἐπιχαρίτως</em></span> <span class='ocrx_word' id='word_1_142' title='bbox 1014 1479 1253 1533; x_wconf 48' lang='grc' dir='ltr'><em>εἷπόνταςι(</em></span> <span class='ocrx_word' id='word_1_143' title='bbox 1275 1486 1420 1524; x_wconf 86' lang='lat' dir='ltr'>omissa</span> <span class='ocrx_word' id='word_1_144' title='bbox 1448 1498 1536 1525; x_wconf 89' lang='lat' dir='ltr'>esse</span> <span class='ocrx_word' id='word_1_145' title='bbox 1557 1487 1742 1525; x_wconf 85' lang='lat' dir='ltr'>videntur</span> 
     </span>
     <span class='ocr_line' id='line_1_19' title="bbox 243 1556 1741 1607; baseline 0.001 -13"><span class='ocrx_word' id='word_1_146' title='bbox 243 1557 291 1595; x_wconf 90' lang='lat' dir='ltr'>ab</span> <span class='ocrx_word' id='word_1_147' title='bbox 334 1557 376 1594; x_wconf 92' lang='lat' dir='ltr'>M</span> <span class='ocrx_word' id='word_1_148' title='bbox 420 1557 466 1594; x_wconf 93' lang='lat' dir='ltr'>ob</span> <span class='ocrx_word' id='word_1_149' title='bbox 510 1556 861 1595; x_wconf 88' lang='lat' dir='ltr'>inconcinnitatem</span> <span class='ocrx_word' id='word_1_150' title='bbox 906 1556 1200 1605; x_wconf 82' lang='lat' dir='ltr'>grammaticam</span> <span class='ocrx_word' id='word_1_151' title='bbox 1212 1556 1240 1607; x_wconf 78' lang='grc'>2)</span> <span class='ocrx_word' id='word_1_152' title='bbox 1284 1569 1307 1594; x_wconf 90' lang='lat' dir='ltr'>a</span> <span class='ocrx_word' id='word_1_153' title='bbox 1350 1556 1528 1607; x_wconf 89' lang='lat' dir='ltr'>Xenoph.</span> <span class='ocrx_word' id='word_1_154' title='bbox 1579 1557 1741 1596; x_wconf 89' lang='lat' dir='ltr'>minime</span> 
     </span>
     <span class='ocr_line' id='line_1_20' title="bbox 243 1627 1739 1677; baseline 0.001 -11"><span class='ocrx_word' id='word_1_155' title='bbox 243 1627 431 1677; x_wconf 82' lang='lat' dir='ltr'>alienam3</span> <span class='ocrx_word' id='word_1_156' title='bbox 472 1627 536 1665; x_wconf 83' lang='lat' dir='ltr'>vel</span> <span class='ocrx_word' id='word_1_157' title='bbox 573 1627 693 1665; x_wconf 87' lang='lat' dir='ltr'>etiam</span> <span class='ocrx_word' id='word_1_158' title='bbox 723 1627 810 1666; x_wconf 90' lang='lat' dir='ltr'>ideo</span> <span class='ocrx_word' id='word_1_159' title='bbox 850 1639 896 1665; x_wconf 88' lang='lat' dir='ltr'>ea</span> <span class='ocrx_word' id='word_1_160' title='bbox 935 1639 1147 1677; x_wconf 87' lang='lat' dir='ltr'>suppressa</span> <span class='ocrx_word' id='word_1_161' title='bbox 1184 1639 1273 1665; x_wconf 92' lang='lat' dir='ltr'>esse</span> <span class='ocrx_word' id='word_1_162' title='bbox 1311 1627 1524 1677; x_wconf 89' lang='lat' dir='ltr'>suspiceris</span> <span class='ocrx_word' id='word_1_163' title='bbox 1561 1628 1739 1676; x_wconf 82' lang='lat' dir='ltr'>fortasse,</span> 
     </span>
     <span class='ocr_line' id='line_1_21' title="bbox 250 1698 1742 1750; baseline 0 -14"><span class='ocrx_word' id='word_1_164' title='bbox 250 1698 341 1749; x_wconf 90' lang='lat' dir='ltr'>quia</span> <span class='ocrx_word' id='word_1_165' title='bbox 372 1698 584 1736; x_wconf 85' lang='lat' dir='ltr'>disiunctio</span> <span class='ocrx_word' id='word_1_166' title='bbox 615 1698 684 1736; x_wconf 87' lang='lat' dir='ltr'>illa</span> <span class='ocrx_word' id='word_1_167' title='bbox 712 1710 799 1736; x_wconf 88' lang='lat' dir='ltr'>esse</span> <span class='ocrx_word' id='word_1_168' title='bbox 820 1698 946 1747; x_wconf 85' lang='lat' dir='ltr'>magis</span> <span class='ocrx_word' id='word_1_169' title='bbox 967 1698 1140 1745; x_wconf 84' lang='lat' dir='ltr'>videtur,</span> <span class='ocrx_word' id='word_1_170' title='bbox 1174 1710 1292 1748; x_wconf 88' lang='lat' dir='ltr'>quam</span> <span class='ocrx_word' id='word_1_171' title='bbox 1313 1702 1391 1750; x_wconf 78' lang='lat' dir='ltr'>est,</span> <span class='ocrx_word' id='word_1_172' title='bbox 1424 1698 1742 1749; x_wconf 87' lang='lat' dir='ltr'>quandoquidem</span> 
     </span>
     <span class='ocr_line' id='line_1_22' title="bbox 243 1763 1741 1821; baseline 0.001 -14"><span class='ocrx_word' id='word_1_173' title='bbox 243 1769 344 1807; x_wconf 91' lang='lat' dir='ltr'>illud</span> <span class='ocrx_word' id='word_1_174' title='bbox 375 1763 638 1821; x_wconf 74' lang='grc' dir='ltr'><em>ἐπιχαρίτως</em></span> <span class='ocrx_word' id='word_1_175' title='bbox 669 1764 808 1821; x_wconf 82' lang='grc' dir='ltr'><em>λέγειν</em></span> <span class='ocrx_word' id='word_1_176' title='bbox 836 1769 940 1807; x_wconf 79' lang='lat' dir='ltr'>haud</span> <span class='ocrx_word' id='word_1_177' title='bbox 972 1769 1171 1806; x_wconf 85' lang='lat' dir='ltr'>minimam</span> <span class='ocrx_word' id='word_1_178' title='bbox 1206 1773 1357 1818; x_wconf 84' lang='lat' dir='ltr'>partem</span> <span class='ocrx_word' id='word_1_179' title='bbox 1388 1769 1430 1807; x_wconf 91' lang='lat' dir='ltr'>in</span> <span class='ocrx_word' id='word_1_180' title='bbox 1461 1781 1506 1807; x_wconf 95' lang='lat' dir='ltr'>eo</span> <span class='ocrx_word' id='word_1_181' title='bbox 1537 1770 1624 1820; x_wconf 89' lang='lat' dir='ltr'>ipso</span> <span class='ocrx_word' id='word_1_182' title='bbox 1650 1781 1741 1808; x_wconf 91' lang='lat' dir='ltr'>con-</span> 
     </span>
     <span class='ocr_line' id='line_1_23' title="bbox 242 1839 1741 1890; baseline 0 -12"><span class='ocrx_word' id='word_1_183' title='bbox 242 1840 454 1888; x_wconf 85' lang='lat' dir='ltr'>tinebatur,</span> <span class='ocrx_word' id='word_1_184' title='bbox 499 1840 603 1889; x_wconf 88' lang='lat' dir='ltr'>quod</span> <span class='ocrx_word' id='word_1_185' title='bbox 641 1840 824 1890; x_wconf 86' lang='lat' dir='ltr'>precibus</span> <span class='ocrx_word' id='word_1_186' title='bbox 867 1839 947 1877; x_wconf 80' lang='lat' dir='ltr'>fflis</span> <span class='ocrx_word' id='word_1_187' title='bbox 992 1839 1228 1878; x_wconf 82' lang='lat' dir='ltr'>humillimis</span> <span class='ocrx_word' id='word_1_188' title='bbox 1265 1839 1414 1889; x_wconf 85' lang='lat' dir='ltr'>regiam</span> <span class='ocrx_word' id='word_1_189' title='bbox 1453 1840 1650 1890; x_wconf 88' lang='lat' dir='ltr'>quandam</span> <span class='ocrx_word' id='word_1_190' title='bbox 1693 1840 1741 1878; x_wconf 91' lang='lat' dir='ltr'>de</span> 
     </span>
     <span class='ocr_line' id='line_1_24' title="bbox 246 1910 1741 1960; baseline 0.001 -13"><span class='ocrx_word' id='word_1_191' title='bbox 246 1910 339 1948; x_wconf 77' lang='lat' dir='ltr'>fatis</span> <span class='ocrx_word' id='word_1_192' title='bbox 383 1910 585 1948; x_wconf 88' lang='lat' dir='ltr'>hominum</span> <span class='ocrx_word' id='word_1_193' title='bbox 629 1913 866 1960; x_wconf 87' lang='lat' dir='ltr'>potestatem</span> <span class='ocrx_word' id='word_1_194' title='bbox 909 1910 1106 1949; x_wconf 89' lang='lat' dir='ltr'>iudicibus</span> <span class='ocrx_word' id='word_1_195' title='bbox 1150 1910 1369 1949; x_wconf 86' lang='lat' dir='ltr'>tribuentes</span> <span class='ocrx_word' id='word_1_196' title='bbox 1409 1922 1543 1949; x_wconf 88' lang='lat' dir='ltr'>eorum</span> <span class='ocrx_word' id='word_1_197' title='bbox 1580 1911 1741 1950; x_wconf 83' lang='lat' dir='ltr'>auribus</span> 
     </span>
     <span class='ocr_line' id='line_1_25' title="bbox 244 1981 1738 2031; baseline 0.001 -12"><span class='ocrx_word' id='word_1_198' title='bbox 244 1982 486 2031; x_wconf 75' lang='lat' dir='ltr'>serviebant3</span> <span class='ocrx_word' id='word_1_199' title='bbox 529 1981 680 2030; x_wconf 83' lang='lat' dir='ltr'>logicae</span> <span class='ocrx_word' id='word_1_200' title='bbox 718 1984 849 2020; x_wconf 89' lang='lat' dir='ltr'>autem</span> <span class='ocrx_word' id='word_1_201' title='bbox 886 1981 1174 2031; x_wconf 86' lang='lat' dir='ltr'>peritissimum</span> <span class='ocrx_word' id='word_1_202' title='bbox 1217 1981 1326 2019; x_wconf 76' lang='lat' dir='ltr'>brevi</span> <span class='ocrx_word' id='word_1_203' title='bbox 1369 1993 1650 2030; x_wconf 85' lang='lat' dir='ltr'>cognoscemus</span> <span class='ocrx_word' id='word_1_204' title='bbox 1687 1981 1738 2020; x_wconf 89' lang='lat' dir='ltr'>M.</span> 
     </span>
     <span class='ocr_line' id='line_1_26' title="bbox 243 2051 1739 2102; baseline 0.001 -13"><span class='ocrx_word' id='word_1_205' title='bbox 243 2052 308 2089; x_wconf 92' lang='lat' dir='ltr'>An</span> <span class='ocrx_word' id='word_1_206' title='bbox 338 2064 430 2090; x_wconf 76' lang='lat' dir='ltr'>vero</span> <span class='ocrx_word' id='word_1_207' title='bbox 468 2052 531 2090; x_wconf 89' lang='lat' dir='ltr'>his</span> <span class='ocrx_word' id='word_1_208' title='bbox 564 2052 695 2091; x_wconf 80' lang='lat' dir='ltr'>verbis</span> <span class='ocrx_word' id='word_1_209' title='bbox 734 2052 827 2090; x_wconf 86' lang='lat' dir='ltr'>talia</span> <span class='ocrx_word' id='word_1_210' title='bbox 864 2052 1097 2090; x_wconf 77' lang='lat' dir='ltr'>videbantur</span> <span class='ocrx_word' id='word_1_211' title='bbox 1136 2051 1286 2090; x_wconf 84' lang='lat' dir='ltr'>Socrati</span> <span class='ocrx_word' id='word_1_212' title='bbox 1326 2052 1613 2102; x_wconf 87' lang='lat' dir='ltr'>quodammodo</span> <span class='ocrx_word' id='word_1_213' title='bbox 1651 2065 1739 2091; x_wconf 87' lang='lat' dir='ltr'>sua-</span> 
     </span>
     <span class='ocr_line' id='line_1_27' title="bbox 245 2122 1742 2173; baseline 0.001 -12"><span class='ocrx_word' id='word_1_214' title='bbox 245 2122 348 2171; x_wconf 86' lang='lat' dir='ltr'>deri,</span> <span class='ocrx_word' id='word_1_215' title='bbox 399 2135 498 2173; x_wconf 85' lang='lat' dir='ltr'>quae</span> <span class='ocrx_word' id='word_1_216' title='bbox 540 2123 609 2161; x_wconf 88' lang='lat' dir='ltr'>illo</span> <span class='ocrx_word' id='word_1_217' title='bbox 652 2134 815 2173; x_wconf 86' lang='lat' dir='ltr'>prorsus</span> <span class='ocrx_word' id='word_1_218' title='bbox 858 2126 991 2160; x_wconf 89' lang='lat' dir='ltr'>essent</span> <span class='ocrx_word' id='word_1_219' title='bbox 1033 2123 1219 2171; x_wconf 81' lang='lat' dir='ltr'>indigna?</span> <span class='ocrx_word' id='word_1_220' title='bbox 1293 2122 1438 2173; x_wconf 83' lang='lat' dir='ltr'>Utique</span> <span class='ocrx_word' id='word_1_221' title='bbox 1481 2123 1655 2162; x_wconf 73' lang='lat' dir='ltr'>adfuisse</span> <span class='ocrx_word' id='word_1_222' title='bbox 1698 2135 1742 2162; x_wconf 85' lang='lat' dir='ltr'>ea</span> 
     </span>
     <span class='ocr_line' id='line_1_28' title="bbox 245 2192 1742 2245; baseline 0.001 -15"><span class='ocrx_word' id='word_1_223' title='bbox 245 2193 372 2243; x_wconf 75' lang='lat' dir='ltr'>prius,</span> <span class='ocrx_word' id='word_1_224' title='bbox 405 2194 566 2243; x_wconf 87' lang='lat' dir='ltr'>depulta</span> <span class='ocrx_word' id='word_1_225' title='bbox 587 2205 678 2232; x_wconf 85' lang='lat' dir='ltr'>vero</span> <span class='ocrx_word' id='word_1_226' title='bbox 711 2204 799 2233; x_wconf 87' lang='lat' dir='ltr'>esse</span> <span class='ocrx_word' id='word_1_227' title='bbox 831 2196 967 2243; x_wconf 89' lang='lat' dir='ltr'>postea</span> <span class='ocrx_word' id='word_1_228' title='bbox 997 2193 1082 2231; x_wconf 92' lang='lat' dir='ltr'>loco</span> <span class='ocrx_word' id='word_1_229' title='bbox 1107 2205 1176 2232; x_wconf 89' lang='lat' dir='ltr'>suo</span> <span class='ocrx_word' id='word_1_230' title='bbox 1207 2193 1299 2232; x_wconf 88' lang='lat' dir='ltr'>inde</span> <span class='ocrx_word' id='word_1_231' title='bbox 1327 2192 1604 2243; x_wconf 84' lang='lat' dir='ltr'>concluserim,</span> <span class='ocrx_word' id='word_1_232' title='bbox 1637 2193 1742 2245; x_wconf 92' lang='lat' dir='ltr'>quod</span> 
     </span>
     <span class='ocr_line' id='line_1_29' title="bbox 244 2260 1742 2316; baseline 0.001 -15"><span class='ocrx_word' id='word_1_233' title='bbox 244 2266 326 2301; x_wconf 85' lang='lat' dir='ltr'>tota</span> <span class='ocrx_word' id='word_1_234' title='bbox 363 2264 436 2302; x_wconf 90' lang='lat' dir='ltr'>hac</span> <span class='ocrx_word' id='word_1_235' title='bbox 472 2264 744 2302; x_wconf 87' lang='lat' dir='ltr'>enuntiatione</span> <span class='ocrx_word' id='word_1_236' title='bbox 788 2260 913 2316; x_wconf 91' lang='grc' dir='ltr'><em>λόγου</em></span> <span class='ocrx_word' id='word_1_237' title='bbox 956 2264 1037 2302; x_wconf 76' lang='lat' dir='ltr'>vim</span> <span class='ocrx_word' id='word_1_238' title='bbox 1074 2264 1271 2303; x_wconf 88' lang='lat' dir='ltr'>illustrare</span> <span class='ocrx_word' id='word_1_239' title='bbox 1314 2264 1416 2302; x_wconf 85' lang='lat' dir='ltr'>velle</span> <span class='ocrx_word' id='word_1_240' title='bbox 1452 2264 1742 2314; x_wconf 85' lang='lat' dir='ltr'>Hermogenem</span> 
     </span>
     <span class='ocr_line' id='line_1_30' title="bbox 245 2333 1742 2384; baseline 0.001 -12"><span class='ocrx_word' id='word_1_241' title='bbox 245 2338 422 2384; x_wconf 84' lang='lat' dir='ltr'>apparet:</span> <span class='ocrx_word' id='word_1_242' title='bbox 463 2335 527 2372; x_wconf 86' lang='lat' dir='ltr'>cui</span> <span class='ocrx_word' id='word_1_243' title='bbox 568 2335 732 2373; x_wconf 85' lang='lat' dir='ltr'>consilio</span> <span class='ocrx_word' id='word_1_244' title='bbox 769 2335 866 2373; x_wconf 90' lang='lat' dir='ltr'>haec</span> <span class='ocrx_word' id='word_1_245' title='bbox 902 2333 1025 2374; x_wconf 78' lang='lat' dir='ltr'>verba</span> <span class='ocrx_word' id='word_1_246' title='bbox 1061 2335 1178 2373; x_wconf 89' lang='lat' dir='ltr'>unice</span> <span class='ocrx_word' id='word_1_247' title='bbox 1215 2335 1462 2374; x_wconf 79' lang='lat' dir='ltr'>conveniunt.</span> <span class='ocrx_word' id='word_1_248' title='bbox 1535 2335 1742 2374; x_wconf 87' lang='lat' dir='ltr'>Praeterea</span> 
     </span>
    </p>
   </div>
   <div class='ocr_carea' id='block_1_3' title="bbox 245 2496 1743 2950">
    <p class='ocr_par' dir='ltr' id='par_1_4' title="bbox 245 2496 1741 2662">
     <span class='ocr_line' id='line_1_31' title="bbox 365 2496 1741 2542; baseline 0.001 -12"><span class='ocrx_word' id='word_1_249' title='bbox 365 2496 400 2537; x_wconf 83' lang='lat'>1)</span> <span class='ocrx_word' id='word_1_250' title='bbox 428 2496 504 2539; x_wconf 84' lang='lat' dir='ltr'>Qua</span> <span class='ocrx_word' id='word_1_251' title='bbox 529 2497 673 2541; x_wconf 86' lang='lat' dir='ltr'>quidem</span> <span class='ocrx_word' id='word_1_252' title='bbox 700 2507 806 2531; x_wconf 86' lang='lat' dir='ltr'>causa</span> <span class='ocrx_word' id='word_1_253' title='bbox 831 2496 1037 2531; x_wconf 82' lang='lat' dir='ltr'>Schneideri</span> <span class='ocrx_word' id='word_1_254' title='bbox 1064 2498 1122 2542; x_wconf 85' lang='lat' dir='ltr'>(ad</span> <span class='ocrx_word' id='word_1_255' title='bbox 1148 2498 1254 2532; x_wconf 85' lang='lat' dir='ltr'>Mem.</span> <span class='ocrx_word' id='word_1_256' title='bbox 1272 2497 1325 2531; x_wconf 84' lang='lat' dir='ltr'>IV</span> <span class='ocrx_word' id='word_1_257' title='bbox 1342 2497 1438 2541; x_wconf 69' lang='lat'>8,10)</span> <span class='ocrx_word' id='word_1_258' title='bbox 1464 2497 1741 2542; x_wconf 85' lang='lat' dir='ltr'>indignationem</span> 
     </span>
     <span class='ocr_line' id='line_1_32' title="bbox 245 2555 1739 2602; baseline 0.001 -14"><span class='ocrx_word' id='word_1_259' title='bbox 245 2555 374 2598; x_wconf 72' lang='lat' dir='ltr'>movit,</span> <span class='ocrx_word' id='word_1_260' title='bbox 414 2555 513 2589; x_wconf 84' lang='lat' dir='ltr'>obliti</span> <span class='ocrx_word' id='word_1_261' title='bbox 544 2555 661 2590; x_wconf 90' lang='lat' dir='ltr'>locum</span> <span class='ocrx_word' id='word_1_262' title='bbox 694 2555 784 2590; x_wconf 84' lang='lat' dir='ltr'>Plat.</span> <span class='ocrx_word' id='word_1_263' title='bbox 810 2555 910 2599; x_wconf 87' lang='lat' dir='ltr'>Apol.</span> <span class='ocrx_word' id='word_1_264' title='bbox 937 2555 1021 2591; x_wconf 71' lang='lat'>25⁴³.-</span> <span class='ocrx_word' id='word_1_265' title='bbox 1063 2556 1221 2601; x_wconf 79' lang='grc' dir='ltr'><em>πότερον</em></span> <span class='ocrx_word' id='word_1_266' title='bbox 1259 2556 1324 2602; x_wconf 78' lang='grc' dir='ltr'>ἐμὲ</span> <span class='ocrx_word' id='word_1_267' title='bbox 1363 2557 1519 2600; x_wconf 74' lang='grc' dir='ltr'><em>εἰσάγεις</em></span> <span class='ocrx_word' id='word_1_268' title='bbox 1551 2555 1659 2601; x_wconf 73' lang='grc' dir='ltr'><em>δεῦρο</em></span> <span class='ocrx_word' id='word_1_269' title='bbox 1693 2557 1739 2594; x_wconf 85' lang='grc' dir='ltr'>ὡς</span> 
     </span>
     <span class='ocr_line' id='line_1_33' title="bbox 246 2613 1739 2662; baseline 0.002 -16"><span class='ocrx_word' id='word_1_270' title='bbox 246 2613 515 2659; x_wconf 71' lang='grc' dir='ltr'><em>διαφθείροντα</em></span> <span class='ocrx_word' id='word_1_271' title='bbox 541 2615 625 2652; x_wconf 78' lang='grc' dir='ltr'><em>τοὺς</em></span> <span class='ocrx_word' id='word_1_272' title='bbox 650 2617 754 2653; x_wconf 83' lang='grc' dir='ltr'><em>νέους</em></span> <span class='ocrx_word' id='word_1_273' title='bbox 771 2616 831 2647; x_wconf 82' lang='grc' dir='ltr'>καὶ</span> <span class='ocrx_word' id='word_1_274' title='bbox 849 2617 1185 2662; x_wconf 81' lang='grc' dir='ltr'><em>πονηροτέρους</em></span> <span class='ocrx_word' id='word_1_275' title='bbox 1203 2621 1386 2648; x_wconf 81' lang='grc' dir='ltr'><em>ποιοῦντα</em></span> <span class='ocrx_word' id='word_1_276' title='bbox 1405 2615 1533 2648; x_wconf 81' lang='grc' dir='ltr'><em>ἑκόντα</em></span> <span class='ocrx_word' id='word_1_277' title='bbox 1552 2617 1571 2657; x_wconf 79' lang='grc' dir='ltr'>ἢ</span> <span class='ocrx_word' id='word_1_278' title='bbox 1592 2616 1739 2649; x_wconf 71' lang='grc' dir='ltr'><em>ἄκοντα.</em></span> 
     </span>
    </p>

    <p class='ocr_par' dir='ltr' id='par_1_5' title="bbox 247 2672 1743 2950">
     <span class='ocr_line' id='line_1_34' title="bbox 367 2672 1742 2718; baseline 0 -11"><span class='ocrx_word' id='word_1_279' title='bbox 367 2673 402 2717; x_wconf 85' lang='grc'>2)</span> <span class='ocrx_word' id='word_1_280' title='bbox 430 2672 481 2708; x_wconf 86' lang='lat' dir='ltr'>Cf.</span> <span class='ocrx_word' id='word_1_281' title='bbox 508 2673 584 2707; x_wconf 88' lang='lat' dir='ltr'>Em.</span> <span class='ocrx_word' id='word_1_282' title='bbox 605 2673 731 2718; x_wconf 79' lang='lat' dir='ltr'>Pohle,</span> <span class='ocrx_word' id='word_1_283' title='bbox 757 2673 825 2707; x_wconf 91' lang='lat' dir='ltr'>Die</span> <span class='ocrx_word' id='word_1_284' title='bbox 851 2673 1035 2718; x_wconf 84' lang='lat' dir='ltr'>angeblich</span> <span class='ocrx_word' id='word_1_285' title='bbox 1053 2674 1146 2709; x_wconf 89' lang='lat' dir='ltr'>Xen.</span> <span class='ocrx_word' id='word_1_286' title='bbox 1163 2673 1330 2718; x_wconf 84' lang='lat' dir='ltr'>Apologie</span> <span class='ocrx_word' id='word_1_287' title='bbox 1354 2674 1392 2708; x_wconf 89' lang='lat' dir='ltr'>in</span> <span class='ocrx_word' id='word_1_288' title='bbox 1408 2674 1521 2708; x_wconf 88' lang='lat' dir='ltr'>ihrem</span> <span class='ocrx_word' id='word_1_289' title='bbox 1540 2673 1742 2708; x_wconf 72' lang='lat' dir='ltr'>Verha&#39;ltnis</span> 
     </span>
     <span class='ocr_line' id='line_1_35' title="bbox 247 2730 1742 2777; baseline 0.001 -12"><span class='ocrx_word' id='word_1_290' title='bbox 247 2742 328 2765; x_wconf 89' lang='lat' dir='ltr'>zum</span> <span class='ocrx_word' id='word_1_291' title='bbox 353 2730 485 2766; x_wconf 86' lang='lat' dir='ltr'>letzten</span> <span class='ocrx_word' id='word_1_292' title='bbox 511 2732 599 2776; x_wconf 86' lang='lat' dir='ltr'>Kap.</span> <span class='ocrx_word' id='word_1_293' title='bbox 619 2733 683 2767; x_wconf 84' lang='lat' dir='ltr'>der</span> <span class='ocrx_word' id='word_1_294' title='bbox 707 2732 831 2777; x_wconf 74' lang='lat' dir='ltr'>Mem,</span> <span class='ocrx_word' id='word_1_295' title='bbox 858 2743 972 2777; x_wconf 85' lang='lat' dir='ltr'>progr.</span> <span class='ocrx_word' id='word_1_296' title='bbox 999 2744 1119 2777; x_wconf 83' lang='lat' dir='ltr'>gymn.</span> <span class='ocrx_word' id='word_1_297' title='bbox 1139 2732 1343 2777; x_wconf 88' lang='lat' dir='ltr'>Altenburg.</span> <span class='ocrx_word' id='word_1_298' title='bbox 1365 2732 1473 2776; x_wconf 81' lang='lat'><strong>1874,</strong></span> <span class='ocrx_word' id='word_1_299' title='bbox 1499 2744 1532 2777; x_wconf 91' lang='lat' dir='ltr'>p.</span> <span class='ocrx_word' id='word_1_300' title='bbox 1552 2733 1614 2767; x_wconf 84' lang='lat'>44:</span> <span class='ocrx_word' id='word_1_301' title='bbox 1643 2732 1742 2775; x_wconf 88' lang='lat' dir='ltr'>„Un-</span> 
     </span>
     <span class='ocr_line' id='line_1_36' title="bbox 248 2790 1741 2834; baseline 0 -10"><span class='ocrx_word' id='word_1_302' title='bbox 248 2790 435 2834; x_wconf 68' lang='lat' dir='ltr'>ertraglich</span> <span class='ocrx_word' id='word_1_303' title='bbox 460 2790 539 2825; x_wconf 85' lang='lat' dir='ltr'>hart</span> <span class='ocrx_word' id='word_1_304' title='bbox 571 2791 651 2825; x_wconf 89' lang='lat' dir='ltr'>sind</span> <span class='ocrx_word' id='word_1_305' title='bbox 684 2791 739 2826; x_wconf 91' lang='lat' dir='ltr'>die</span> <span class='ocrx_word' id='word_1_306' title='bbox 766 2792 891 2826; x_wconf 87' lang='lat' dir='ltr'>Worte</span> <span class='ocrx_word' id='word_1_307' title='bbox 917 2793 1091 2830; x_wconf 78' lang='grc' dir='ltr'><em>πολλάκις</em></span> <span class='ocrx_word' id='word_1_308' title='bbox 1118 2791 1155 2825; x_wconf 74' lang='grc' dir='ltr'>δὲ</span> <span class='ocrx_word' id='word_1_309' title='bbox 1183 2791 1400 2829; x_wconf 74' lang='grc' dir='ltr'><em>ἀδικοῦντας</em></span> <span class='ocrx_word' id='word_1_310' title='bbox 1417 2812 1461 2817; x_wconf 85' lang='grc'>-</span> <span class='ocrx_word' id='word_1_311' title='bbox 1480 2792 1668 2825; x_wconf 75' lang='grc' dir='ltr'><em>ἀπέλυσαν</em></span> <span class='ocrx_word' id='word_1_312' title='bbox 1686 2817 1693 2824; x_wconf 96' lang='grc'>.</span> <span class='ocrx_word' id='word_1_313' title='bbox 1710 2818 1716 2824; x_wconf 96' lang='grc'><em>.</em></span> <span class='ocrx_word' id='word_1_314' title='bbox 1733 2816 1741 2824; x_wconf 92' lang='grc'><strong>.</strong></span> 
     </span>
     <span class='ocr_line' id='line_1_37' title="bbox 247 2849 1743 2885; baseline 0.001 -3"><span class='ocrx_word' id='word_1_315' title='bbox 247 2858 285 2882; x_wconf 91' lang='lat' dir='ltr'>so</span> <span class='ocrx_word' id='word_1_316' title='bbox 316 2849 363 2883; x_wconf 86' lang='lat' dir='ltr'>ist</span> <span class='ocrx_word' id='word_1_317' title='bbox 394 2849 482 2884; x_wconf 84' lang='lat' dir='ltr'>doch</span> <span class='ocrx_word' id='word_1_318' title='bbox 512 2850 568 2884; x_wconf 83' lang='lat' dir='ltr'>die</span> <span class='ocrx_word' id='word_1_319' title='bbox 599 2850 829 2884; x_wconf 68' lang='lat' dir='ltr'>Konzinnitat</span> <span class='ocrx_word' id='word_1_320' title='bbox 866 2851 928 2884; x_wconf 89' lang='lat' dir='ltr'>der</span> <span class='ocrx_word' id='word_1_321' title='bbox 958 2850 1055 2885; x_wconf 83' lang='lat' dir='ltr'>Rede</span> <span class='ocrx_word' id='word_1_322' title='bbox 1094 2850 1207 2885; x_wconf 83' lang='lat' dir='ltr'>durch</span> <span class='ocrx_word' id='word_1_323' title='bbox 1245 2850 1300 2885; x_wconf 89' lang='lat' dir='ltr'>die</span> <span class='ocrx_word' id='word_1_324' title='bbox 1332 2849 1652 2885; x_wconf 83' lang='lat' dir='ltr'>Verschiedenheit</span> <span class='ocrx_word' id='word_1_325' title='bbox 1682 2850 1743 2884; x_wconf 88' lang='lat' dir='ltr'>der</span> 
     </span>
     <span class='ocr_line' id='line_1_38' title="bbox 247 2906 949 2950; baseline 0.001 -8"><span class='ocrx_word' id='word_1_326' title='bbox 247 2906 363 2942; x_wconf 85' lang='lat' dir='ltr'>Kasus</span> <span class='ocrx_word' id='word_1_327' title='bbox 389 2908 479 2942; x_wconf 86' lang='lat' dir='ltr'>nach</span> <span class='ocrx_word' id='word_1_328' title='bbox 506 2911 609 2950; x_wconf 81' lang='grc' dir='ltr'>ἢ-ἢ</span> <span class='ocrx_word' id='word_1_329' title='bbox 643 2909 739 2944; x_wconf 85' lang='lat' dir='ltr'>stark</span> <span class='ocrx_word' id='word_1_330' title='bbox 765 2908 949 2944; x_wconf 81' lang='lat' dir='ltr'>ve1·letzt.“</span> 
     </span>
    </p>
   </div>
  </div>
 </body>
</html>
