1820 3340
252 216 305 254 30

369 333 571 371 Postremo
584 333 685 380 vide,
707 345 823 382 quam
843 333 1006 382 probum
1027 333 1349 371 commentarium
1368 334 1579 384 praebeant
1597 333 1743 372 Memo-

250 403 388 442 rabilia
408 404 615 441 verborum
649 394 730 441 οἶδ’
753 399 821 441 ὅτι
849 398 923 441 καὶ
945 398 1042 453 ἐμοὶ
1070 400 1157 441 κτλ.
1190 404 1319 454 Apol,
1352 404 1496 454 quibus
1527 404 1624 442 duas
1655 415 1743 443 sen-

251 474 394 512 tentias
418 473 607 512 confundi
627 474 757 511 vides:
795 475 832 522 1)
865 474 913 512 de
938 486 1001 512 me
1034 485 1189 524 quoque
1219 487 1242 512 a
1272 475 1440 524 posteris
1471 475 1574 513 iuste
1599 475 1744 514 iudica-

252 545 374 593 bitur,
409 544 449 594 2)
482 548 720 593 cognoscent
751 544 856 582 enim
887 544 990 582 nihil
1021 557 1083 583 me
1115 544 1290 584 criminis
1322 545 1579 584 commisisse.
1641 545 1742 584 Nam

253 616 287 653 si
318 615 367 653 ad
399 616 561 652 verbum
600 627 662 663 ea,
701 627 800 664 quae
831 615 873 652 in
904 615 1014 663 Apol.
1049 619 1158 663 sunt,
1190 616 1404 665 acciperes,
1449 616 1497 654 de
1535 615 1744 655 Palamede

250 686 374 734 idem,
418 685 522 736 quod
565 686 613 724 de
659 685 832 734 Socrate,
879 685 1093 724 diceretur:
1139 686 1288 724 nemini
1332 698 1423 724 eum
1465 686 1649 724 iniuriam
1685 686 1744 724 in-

251 756 407 805 tulisse,
447 756 516 794 sed
554 768 637 804 eos,
677 756 911 806 quibuscum
950 756 1257 806 colloqueretur,
1295 757 1572 807 quodcumque
1611 760 1745 807 posset

253 827 344 865 boni
383 827 574 864 docuisse.
643 827 771 865 Habet
813 830 944 865 autem
987 831 1128 875 arguta
1171 828 1248 866 ista
1286 829 1455 866 brevitas
1494 828 1642 878 aliquid
1679 839 1745 866 ve-

253 901 416 935 nustum
455 901 493 935 et
531 897 724 936 eiusmodi
761 901 839 946 est,
879 898 1007 948 qualis
1044 898 1148 947 apud
1188 899 1379 948 optimum
1418 911 1614 949 quemque
1651 899 1746 937 scri-

252 971 405 1018 ptorem
453 968 558 1006 haud
606 968 661 1006 ita
703 981 789 1007 raro
836 968 1021 1018 occurrit;
1074 972 1208 1007 contra
1253 969 1293 1007 M
1335 973 1500 1019 utraque
1551 969 1746 1008 sententia

253 1039 415 1077 seorsim
447 1051 634 1088 expressa
665 1038 795 1077 idonei
827 1039 1143 1078 commentatoris
1175 1040 1346 1078 officium
1378 1040 1584 1090 praestitit.

371 1110 414 1157 4)
447 1110 545 1148 Cum
572 1110 694 1159 igitur
721 1110 852 1148 adhuc
879 1122 925 1148 ea
950 1110 1201 1160 potissimum
1224 1111 1614 1159 consideraverimus,
1647 1122 1747 1161 quae

253 1181 431 1218 consulto
469 1180 684 1219 mutatione
728 1181 832 1219 facta
875 1181 1054 1219 effecisse
1091 1181 1297 1219 videbatur
1333 1181 1390 1230 M,
1434 1182 1513 1219 iam
1556 1182 1606 1219 ad
1649 1181 1747 1220 alios

254 1251 441 1301 quosdam
479 1251 584 1289 locos
622 1255 886 1303 transeamus,
933 1252 1076 1301 quibus
1112 1252 1397 1290 mutationibus
1436 1253 1518 1290 illis
1555 1251 1748 1302 quaedam

254 1323 392 1360 effecta
423 1333 510 1360 esse
542 1322 782 1370 invenimus,
816 1334 915 1372 quae
947 1322 1077 1372 ipsum
1099 1322 1294 1371 fugerent.
1347 1323 1463 1361 Haud
1489 1334 1604 1361 secus
1630 1322 1747 1371 enim,

253 1396 371 1442 atque
408 1393 449 1430 in
480 1404 640 1443 corpore
671 1396 821 1440 nostro,
859 1396 903 1430 ut
934 1393 1099 1431 medicis
1132 1393 1356 1443 credamus,
1393 1396 1526 1444 partes
1557 1393 1748 1444 quaedam

252 1463 525 1513 inveniuntur,
565 1475 664 1513 quae
696 1464 791 1514 quid
823 1463 898 1501 sibi
929 1464 1071 1513 velint,
1111 1465 1227 1515 quale
1259 1476 1364 1502 nunc
1395 1476 1537 1514 corpus
1568 1468 1747 1502 nostrum

254 1538 331 1583 est,
370 1546 447 1572 11011
485 1535 740 1584 perspicitur,
784 1534 852 1572 ubi
888 1537 1022 1572 autem
1058 1535 1231 1584 primum
1269 1538 1545 1584 comparantur
1580 1535 1747 1572 aliorum

255 1605 500 1655 quorundam
527 1605 757 1643 animalium
788 1617 964 1655 corpora,
996 1605 1036 1642 in
1069 1605 1212 1655 quibus
1244 1606 1417 1644 membra
1447 1606 1516 1644 illa
1542 1608 1749 1644 recurrunt

257 1679 403 1714 certam
440 1676 637 1726 quandam
675 1677 756 1713 vim
792 1676 991 1724 habentia,
1038 1676 1170 1714 statim
1214 1677 1332 1714 etiam
1374 1676 1537 1714 humani
1574 1675 1749 1725 corporis

255 1747 432 1797 partibus
463 1747 544 1785 illis
574 1747 647 1784 lux
678 1748 856 1785 affertur:
890 1748 994 1785 unde
1021 1747 1108 1797 ipsa
1135 1748 1230 1785 haec
1257 1747 1440 1785 animalia
1464 1748 1610 1785 formas
1632 1758 1749 1797 quas-

255 1817 344 1855 dam
374 1818 617 1868 antiquiores
647 1818 772 1856 nostri
804 1818 976 1868 corporis
1007 1818 1172 1856 reddere
1204 1821 1383 1868 apparet,
1415 1840 1472 1845 —
1503 1817 1598 1856 item
1624 1817 1748 1866 igitur

254 1900 326 1926 nos
358 1900 514 1938 quoque
550 1888 800 1927 inveniemus
832 1889 1024 1938 quasdam
1055 1901 1135 1936 res,
1174 1901 1274 1938 quae
1310 1892 1355 1926 ut
1384 1889 1426 1926 in
1457 1889 1569 1938 Apol.
1602 1891 1749 1926 certam

256 1959 450 2009 quandam
470 1959 552 1997 vim
583 1960 747 2007 habent,
778 1959 833 1997 ita
864 1959 904 1996 in
927 1959 1042 1998 Mem.
1075 1959 1144 1997 1116
1175 1963 1326 2007 carent,
1360 1960 1429 1998 sed
1460 1959 1585 1997 nihilo
1617 1958 1749 1996 minus

257 2033 507 2068 conservatae
546 2033 638 2068 sunt
675 2030 926 2079 evolutionis,
966 2031 1000 2068 si
1037 2030 1131 2068 licet
1168 2031 1242 2068 1100
1278 2030 1467 2068 vocabulo
1505 2029 1581 2078 uti,
1625 2032 1748 2067 testes

256 2113 300 2139 ac
331 2101 576 2150 proditrices.
637 2101 731 2150 Vel,
769 2104 813 2138 ut
843 2101 947 2139 intra
977 2105 1131 2139 nostros
1162 2101 1340 2150 ipsorum
1377 2112 1448 2138 nos
1479 2099 1750 2138 contineamus

257 2172 374 2209 fines:
425 2171 645 2221 reperimus
696 2171 887 2221 quaedam
937 2171 978 2209 in
1022 2171 1138 2210 Mem.
1184 2171 1353 2209 Veneris
1397 2171 1539 2209 Meliae
1588 2171 1750 2208 amictui

258 2241 417 2293 similia,
455 2255 506 2280 ex
544 2254 638 2292 quo,
677 2254 767 2280 cum
803 2242 845 2280 in
882 2242 995 2281 deam
1033 2242 1202 2280 Hermae
1240 2242 1388 2280 malum
1427 2241 1618 2280 sacrificio
1655 2242 1749 2279 offe-

256 2316 408 2351 rentem
440 2325 580 2362 parum
618 2313 782 2363 quadret
820 2336 875 2340 —
913 2313 968 2351 ita
1005 2313 1112 2352 enim
1148 2313 1432 2362 repraesentari
1470 2312 1582 2350 deam
1623 2314 1750 2350 statua

259 2383 399 2429 Melica
431 2387 582 2422 constat
614 2407 681 2433 —,
714 2383 933 2422 certissime
967 2384 1166 2432 colligitur
1197 2384 1369 2422 effictam
1408 2395 1496 2421 esse
1532 2382 1642 2421 illam
1673 2385 1750 2420 sta-

260 2457 368 2492 tuam
411 2454 461 2492 ad
505 2455 732 2504 exemplum
776 2455 877 2492 alius
922 2454 1145 2503 cuiusdam,
1190 2466 1289 2504 quae
1326 2454 1524 2492 Venerem
1566 2453 1751 2492 reddebat

259 2525 363 2563 inter
389 2525 540 2563 cultum
568 2526 739 2575 corporis
763 2525 921 2575 speculo
944 2537 986 2564 se
1007 2525 1336 2564 considerantem:
1369 2525 1443 2563 hoc
1464 2524 1569 2562 enim
1589 2523 1750 2562 facienti

261 2595 515 2634 conveniebat
545 2599 585 2634 et
616 2597 788 2645 corporis
820 2599 859 2634 et
889 2597 1010 2634 vestis
1042 2596 1110 2634 ille
1141 2596 1308 2634 habitus.

379 2666 440 2704 Ita
484 2678 584 2716 quae
620 2667 662 2704 in
698 2667 786 2716 ipso
824 2679 906 2716 cap.
944 2667 1054 2704 illius
1097 2666 1290 2716 principio
1334 2669 1465 2704 exstat
1501 2677 1578 2704 vox
1615 2661 1749 2719 ῥώμη,

261 2737 400 2775 eadem
436 2737 478 2774 in
509 2737 621 2787 Apol.
655 2742 829 2776 extrema
867 2737 1036 2776 000111111
1073 2738 1178 2776 haud
1209 2742 1357 2775 temere
1394 2736 1540 2786 posita,
1580 2736 1749 2774 referen-

262 2807 352 2845 dam
389 2807 493 2845 enim
537 2820 624 2846 eam
661 2820 748 2847 esse
794 2809 844 2847 ad
893 2808 1095 2858 sequentia
1144 2803 1242 2846 οὐδὲ
1285 2804 1397 2859 πρὸς
1440 2804 1513 2845 τὸν
1555 2802 1749 2844 θάνατον

263 2871 557 2928 ἐμαλακίσατο
600 2879 734 2929 itaque
783 2882 905 2917 totam
952 2878 1188 2917 sententiam
1233 2878 1549 2916 commodissime
1593 2889 1637 2915 ea
1675 2888 1751 2914 una
