1820 3340
1515 270 1568 307 93

87 385 216 420 autem
237 383 294 420 eis
322 385 520 432 praeterea
551 383 916 421 commentationem
949 382 1185 432 peculiarem
1216 383 1258 420 in
1293 385 1341 421 11
1379 384 1570 424 sectiones

87 452 270 501 divisam,
310 465 386 502 qua
425 453 654 502 Apologiam
691 453 944 502 Xenophonti
980 453 1278 491 adiudicandam
1316 465 1403 491 esse
1441 457 1569 492 osten-

88 522 180 561 dere
212 522 344 561 studet
375 524 416 560 et
436 523 621 561 ‘externis
653 526 692 561 et
721 523 888 561 internis
920 535 1019 573 quae
1050 523 1235 561 dicuntur
1264 524 1514 572 argumentis.

203 593 345 631 Anatis
377 592 498 641 igitur
520 596 611 631 sect.
638 594 658 630 1
694 593 744 643 (p.
771 594 865 631 14—
895 592 962 643 15)
988 597 1163 631 veterum
1185 593 1437 643 testimoniis,
1470 607 1568 644 (piae

85 663 184 701 infra
204 663 308 713 apud
330 662 576 712 Caspersium
598 675 634 712 p.
662 664 742 701 102
759 675 788 701 s.
811 667 1035 701 enumerata
1056 664 1250 710 invenies⁷
1282 664 1568 714 redargutoque

85 736 177 771 sect.
203 734 225 770 2
259 733 310 782 (p.
337 732 405 783 15)
436 745 497 782 eo,
531 733 636 783 quod
668 732 878 784 Zeunius1)
910 733 1119 783 obiecerat,
1156 735 1280 772 deesse
1318 735 1484 772 libellum
1523 735 1568 773 in

84 802 316 841 editionibus
340 803 488 852 primis
518 804 687 841 Juntz'na
718 807 751 841 et
782 804 944 851 Aldina,
989 816 1079 842 cum
1110 804 1197 842 aliis
1229 805 1444 842 rationibus
1481 808 1567 842 tum

84 875 295 911 memorata
326 873 541 922 Apologiae
572 874 631 912 ed.
666 873 948 911 Reuchliniana
987 887 1018 911 a.
1046 875 1176 922 1520,
1215 875 1280 912 cui
1307 876 1566 923 praestantis-

83 944 210 981 simus
242 943 332 981 liber
368 956 493 981 manu
530 944 698 993 scriptus
736 944 888 981 subesse
925 944 1110 991 videatur)
1151 945 1242 982 inde
1279 957 1302 983 a
1333 948 1428 983 sect.
1452 947 1475 983 3
1508 945 1566 983 in-

82 1014 203 1052 ternis
246 1013 460 1052 rationibus
503 1014 632 1052 locum
677 1014 889 1063 suspicioni
939 1015 1094 1052 nullum
1138 1015 1372 1064 Apologiam
1416 1015 1565 1064 aperire

82 1084 284 1122 contendit
332 1084 606 1122 demonstrare.
681 1084 852 1122 Primum
908 1084 1031 1133 igitur
1085 1088 1177 1123 sect.
1223 1087 1245 1123 3
1304 1085 1565 1134 disputatione

81 1155 196 1204 paulo
228 1154 410 1193 otiosiore
443 1158 527 1203 ‘per
557 1167 595 1192 se
619 1167 701 1192 non
726 1155 971 1204 improbabile
997 1156 1092 1192 esse'
1125 1155 1239 1193 docet
1269 1156 1565 1205 Xenophontem

81 1225 274 1263 eiusmodi
315 1225 534 1274 apoloyiam
577 1225 779 1274 scripsisse
822 1224 872 1274 (p.
905 1224 985 1275 16).
1054 1225 1153 1263 Tum
1198 1230 1289 1264 sect.
1314 1227 1358 1274 4,
1397 1239 1564 1275 quacum

82 1298 175 1334 sect.
201 1297 223 1334 8
259 1295 529 1343 coniungenda
561 1299 636 1342 est,
669 1296 717 1333 de
742 1295 891 1333 ratione
913 1296 1126 1345 Apologiae
1148 1296 1453 1346 Xenophonteae
1475 1309 1564 1334 cum

82 1365 282 1404 Platonica
312 1365 577 1404 intercedente
608 1365 662 1403 ita
683 1365 856 1414 disputat
877 1368 921 1403 ut
943 1366 1119 1404 intendat
1140 1379 1181 1404 eo
1204 1370 1357 1404 tantum
1378 1380 1442 1405 eas
1463 1368 1565 1405 inter

80 1448 118 1474 se
150 1436 319 1486 differre,
353 1436 455 1485 quod
485 1448 508 1473 a
538 1436 661 1474 verbis
696 1435 867 1474 Socratis
897 1437 1012 1474 anxie
1033 1436 1244 1483 referendis
1272 1440 1427 1486 uterque
1449 1438 1564 1475 absti-

82 1507 228 1553 nuerit,
261 1519 305 1544 ac
335 1506 372 1543 si
402 1519 482 1544 non
515 1510 594 1544 tam
625 1506 736 1544 verba
768 1519 886 1555 quam
913 1519 975 1544 res
995 1511 1222 1555 spectentur,
1255 1508 1347 1545 adeo
1369 1508 1563 1546 orationes

82 1577 168 1614 illas
198 1577 300 1614 inter
329 1588 369 1614 se
399 1576 614 1623 concinere)
653 1580 697 1613 ut
733 1576 854 1614 altera
891 1577 1053 1614 alterius
1090 1589 1157 1626 ope
1195 1577 1388 1615 illustrari
1410 1579 1564 1627 possit,-

78 1651 112 1685 et
143 1647 317 1696 quidem,
363 1647 463 1684 sicut
499 1647 544 1684 in
580 1647 710 1684 ceteris
746 1647 919 1695 scriptiS,
964 1647 1020 1684 sic
1056 1648 1099 1684 in
1131 1648 1321 1697 Apoloqia
1358 1661 1508 1697 quoque
1539 1661 1564 1686 a

79 1729 163 1755 vero
187 1716 356 1766 propius
387 1717 514 1754 abesse
544 1717 842 1766 Xenophontem
872 1717 993 1755 videri
1024 1718 1074 1768 (p.
1101 1718 1305 1767 16—17).
1374 1718 1421 1756 Ut
1440 1719 1564 1767 iyitur

79 1787 337 1837 discrepantia
367 1800 448 1824 non
480 1787 530 1824 sit
562 1787 772 1833 eiusmodi,
806 1791 849 1825 ut
880 1788 1045 1825 alterum
1076 1792 1211 1826 utrum
1244 1788 1387 1826 librum
1418 1789 1563 1827 adulte-

78 1858 216 1895 rinum
248 1870 327 1895 esse
357 1858 447 1895 inde
479 1857 585 1907 effici
607 1858 753 1906 possit,
793 1858 848 1895 ita
883 1871 931 1896 ne
962 1858 1265 1896 similitudinem
1297 1859 1453 1908 quidem
1484 1872 1563 1897 esse

80 1932 248 1975 tantam,
283 1931 325 1965 ut
355 1928 519 1965 alterum
550 1931 686 1965 utrum
716 1928 767 1965 ad
796 1928 957 1966 alterius
988 1929 1205 1978 exemplum
1237 1929 1447 1978 confectum
1483 1942 1562 1968 esse

76 1998 269 2048 probabile
304 1998 366 2036 sit.
435 1998 608 2036 Ceterum
645 1999 687 2036 de
725 1998 929 2036 daemonio
972 1999 1009 2036 si
1045 2011 1134 2036 cum
1172 1999 1335 2037 Platone
1371 2000 1562 2049 Apoloyia

78 2069 348 2107 discordaverit
379 2067 498 2119 (quod
530 2081 624 2106 num
657 2069 708 2107 sit
738 2069 780 2106 in
812 2069 938 2107 medio
959 2068 1227 2120 relinquitur),
1259 2074 1298 2107 at
1318 2082 1409 2107 cum
1430 2070 1561 2108 Xeno-

70 2139 216 2188 phonte
247 2143 441 2176 auctorem
475 2141 539 2176 ‘ne
572 2143 837 2177 transversum
859 2140 1014 2188 quidem
1035 2141 1225 2189 unyuem'
1258 2140 1433 2189 differre;
1464 2144 1497 2178 et
1518 2141 1561 2179 de

78 2209 346 2247 aestimatione
375 2209 501 2247 videri
531 2212 685 2247 tantum
717 2222 779 2247 eos
802 2222 1004 2258 puynare:
1036 2223 1166 2248 revera
1187 2211 1292 2248 enim
1314 2223 1561 2260 quaecunque

78 2280 189 2317 Plato
224 2279 418 2317 Socratem
455 2279 498 2317 de
536 2292 579 2317 ea
615 2280 800 2317 dicentem
836 2280 973 2329 faciat,
1021 2293 1065 2318 ea
1109 2281 1243 2318 omnia
1280 2281 1491 2318 illudendis
1528 2285 1561 2319 et

77 2350 285 2388 irridendis
316 2350 511 2387 iudicibus
541 2350 746 2397 inservire,
780 2351 882 2399 quod
911 2363 1000 2388 cum
1032 2354 1107 2388 toto
1140 2351 1330 2388 orationis
1351 2363 1453 2389 nexu
1476 2355 1560 2389 tum

78 2420 270 2458 vilissima
294 2421 484 2469 pecuniae
515 2433 675 2458 summa
706 2443 758 2447 —
793 2420 990 2458 addendas
1022 2422 1127 2458 enim
1157 2421 1283 2470 fuisse
1314 2422 1561 2471 septuaqinta

77 2491 294 2528 minimum
324 2491 457 2528 minas
494 2513 550 2518 ——
588 2492 807 2538 evincatur;
850 2492 966 2529 etiam
1004 2492 1222 2530 Ciceronem
1264 2496 1331 2530 aut
1368 2505 1392 2530 a
1429 2493 1560 2531 Xeno-

70 2560 234 2610 phontis
256 2564 370 2610 parte
401 2564 502 2598 stare
533 2565 601 2599 aut
632 2561 812 2599 Platonis
843 2562 968 2599 locum
1001 2562 1071 2600 hac
1107 2562 1257 2600 ratione
1294 2563 1479 2612 accepisse
1516 2575 1561 2601 ea:

86 2630 188 2669 Orat.
211 2631 238 2669 I
255 2632 307 2669 54
339 2643 520 2680 apparere
551 2630 601 2682 (p.
627 2631 839 2682 20-22).

197 2701 296 2739 Tum
329 2705 420 2740 sect.
445 2703 468 2739 5
509 2702 696 2751 oppositis
733 2702 942 2751 Apoloyiae
978 2702 1170 2740 scribendi
1203 2703 1335 2751 yeneri
1370 2702 1561 2752 Epistolis

82 2771 366 2809 Socraticorum
398 2775 503 2810 tanto
540 2773 678 2810 minus
715 2785 740 2810 a
770 2772 1025 2822 Xenophonte
1055 2785 1140 2811 eam
1178 2773 1378 2811 abhorrere
1415 2776 1558 2822 monet,

198 2922 231 2964 1)
257 2920 292 2954 in
318 2920 452 2955 Fabric.
478 2920 568 2955 Bibl.
596 2921 654 2955 Gr.
681 2922 733 2956 ed.
762 2921 899 2956 Harles.
926 2920 991 2965 ΙΙΙ,
1018 2932 1049 2965 p.
1067 2923 1120 2955 14.
