1820 3340
257 265 311 303 50

255 382 528 420 conficientem
566 382 745 420 videmus
783 382 855 420 hac
892 382 1058 430 ratione,
1103 385 1147 420 ut
1192 382 1431 432 privatorum
1476 382 1669 421 scelerum
1705 383 1747 421 in

256 453 368 503 Apol.
414 453 744 490 enumerationem
788 452 952 491 totidem
997 453 1086 490 aliis
1129 453 1293 502 adjectis
1336 453 1552 503 pleniorem
1595 453 1745 502 reddat,

256 524 402 573 patriae
440 523 670 573 proditionis
708 524 856 561 crimen
895 524 935 560 in
979 523 1186 561 criminum
1230 523 1404 561 civilium
1447 524 1747 573 amplitudinem

255 594 466 642 adaugeat,
498 594 668 643 publicis
700 594 872 643 denique
905 594 1110 631 maleficiis
1133 594 1296 643 injurias
1328 595 1500 644 privatas
1523 594 1746 644 subjungat.

256 664 356 702 Nam
388 665 604 714 pleniorem
635 664 754 702 huius
787 664 861 702 loci
895 665 1059 702 formam
1090 665 1344 714 posteriorem
1375 677 1462 704 esse
1493 665 1746 715 perspicuum

256 736 325 773 fiet
356 735 421 773 ubi
459 735 698 785 videbimus,
736 747 813 785 quo
850 735 1058 785 utrobique
1089 736 1199 773 locus
1243 748 1403 774 munere
1442 737 1638 785 fungatur.
1700 735 1747 774 In

255 806 446 855 Apologia
478 805 676 844 Socratem
709 805 906 843 cernimus
937 805 1037 843 nihil
1069 817 1156 844 esse
1188 807 1477 855 ostendentem,
1509 818 1579 845 cur
1610 807 1672 845 sui
1704 818 1747 845 se

256 877 325 914 fati
357 876 519 926 pudeat:
553 888 644 914 nam
676 888 809 914 earum
840 888 972 914 rerum
1005 889 1171 926 quarum
1202 881 1408 915 accusatus
1441 877 1492 915 sit
1524 888 1566 915 se
1598 877 1747 915 trullam

257 947 500 985 commisisse
531 959 733 996 apparere,
771 950 988 985 ceterorum
1026 950 1157 985 autem
1188 947 1396 985 criminum
1435 948 1660 997 capitalium
1698 960 1748 986 ne

258 1030 344 1056 esse
390 1017 549 1068 quidem
594 1029 679 1056 sese
723 1021 966 1067 accusatum3
1012 1018 1155 1067 quibus
1194 1030 1285 1056 cum
1327 1019 1454 1056 verbis
1492 1018 1609 1056 etiam
1647 1030 1746 1068 quae

257 1091 477 1138 sequuntur
506 1091 588 1127 arte
620 1088 837 1127 cohaerent.
899 1089 989 1127 Huc
1020 1089 1141 1138 igitur
1172 1089 1348 1138 apposite
1380 1088 1447 1127 ille
1467 1089 1579 1127 locus
1601 1089 1649 1127 de
1672 1101 1747 1139 quo

256 1160 411 1208 agimus
443 1160 642 1208 convenit,
674 1171 746 1197 nec
778 1160 984 1209 quisquam
1016 1160 1188 1198 alienum
1227 1172 1315 1197 eum
1348 1172 1436 1198 esse
1473 1161 1520 1198 ab
1552 1160 1627 1198 hoc
1658 1171 1748 1198 con-

257 1234 369 1268 textu
399 1233 467 1269 aut
497 1230 652 1268 censuit
682 1243 856 1280 unquam
887 1234 954 1268 aut
985 1231 1167 1268 censebit.
1236 1231 1367 1279 Longe
1395 1243 1507 1269 secus
1538 1230 1580 1268 in
1601 1231 1747 1269 Memo-

257 1301 455 1340 rabilibus.
523 1301 585 1339 Ibi
624 1301 727 1339 enim
765 1301 993 1351 propulsare
1025 1302 1269 1350 propositum
1301 1305 1362 1339 est
1399 1301 1548 1339 auctori
1585 1302 1749 1339 crimina

259 1372 445 1421 magistro
476 1372 601 1410 illata:
635 1371 730 1421 quid
761 1372 883 1419 igitur
915 1371 988 1409 sibi
1023 1372 1158 1409 volunt
1189 1383 1251 1420 ea,
1286 1384 1451 1421 quorum
1484 1367 1570 1410 οὐδ’
1604 1365 1748 1410 αἰτίαν

259 1438 428 1490 οὐδενὸς
459 1439 638 1481 πώποτ’
671 1436 788 1491 goze?
850 1444 979 1492 Atque
1011 1443 1108 1480 adeo
1141 1443 1258 1481 verba
1290 1438 1365 1481 καὶ
1397 1440 1509 1481 κατὰ
1540 1439 1639 1490 τοὺς
1676 1438 1747 1481 νό-

258 1526 364 1563 μους
395 1509 442 1552 δὲ
474 1516 652 1552 σκοπῶν
684 1509 735 1550 ἄν
766 1526 832 1560 τις
860 1511 983 1552 τοῦθ’
1017 1510 1148 1566 εὕροι,
1184 1513 1326 1562 quibus
1348 1514 1451 1552 haud
1472 1515 1527 1551 ita
1548 1514 1748 1552 commode

260 1585 456 1623 introduci
489 1585 556 1622 illa
588 1584 758 1622 senseris
792 1608 844 1611 —
884 1596 933 1621 311
972 1596 1072 1634 quae
1109 1585 1350 1634 praecedunt
1386 1597 1464 1622 non
1502 1581 1614 1622 κατὰ
1651 1582 1749 1631 τοὺς

258 1651 411 1705 νόμους
443 1658 616 1705 spectata
647 1656 780 1693 erant?
813 1678 867 1682 ——
901 1655 997 1693 haec
1028 1655 1149 1703 igitur
1181 1656 1298 1693 verba
1320 1658 1360 1693 et
1380 1656 1465 1705 ipsa
1487 1655 1749 1704 suspicionem

260 1726 430 1776 aliquam
463 1726 693 1775 injiciunt.1)

379 1810 438 1846 Ac
468 1809 585 1846 liceat
616 1808 915 1846 similitudinem
938 1809 1076 1846 afferre
1098 1809 1288 1858 abjectam
1310 1808 1418 1846 illam
1441 1808 1599 1858 quidem
1621 1809 1748 1846 humi-

260 1881 437 1930 lemque,
472 1880 542 1917 sed
574 1891 618 1917 eo
651 1880 793 1928 magis,
827 1879 904 1916 nisi
936 1879 1067 1927 fallor,
1099 1880 1258 1928 planam
1290 1883 1329 1917 et
1360 1879 1593 1918 evidentem.
1655 1880 1749 1918 Am-

260 1952 401 2000 bigunt
432 1951 508 1988 duo
540 1951 720 1988 homines
752 1950 861 1988 verbi
892 1962 1008 1988 causa
1040 1950 1088 1988 de
1119 1950 1239 1999 pileo:
1272 1950 1400 1988 utrius
1431 1951 1515 1988 est?
1568 1950 1748 1988 Iudicatu

260 2022 410 2060 scilicet
453 2021 553 2059 nihil
598 2021 839 2069 simplicius:
886 2021 922 2058 ei
965 2021 1132 2070 addicis,
1178 2020 1290 2059 cuius
1333 2021 1372 2060 in
1419 2024 1536 2070 caput
1572 2021 1748 2071 quadret.

382 2173 415 2216 1)
449 2172 539 2214 Quid
577 2172 708 2205 mirum
740 2172 831 2215 quod
863 2171 1075 2205 novissimus
1108 2170 1388 2205 Memorabilium
1426 2170 1537 2204 editor
1569 2170 1748 2205 Gilbertus

261 2232 409 2276 depulsa
434 2231 510 2265 vult
535 2231 622 2265 haec
642 2230 774 2264 verba?
812 2230 904 2264 Audi
925 2230 1057 2274 ipsum:
1087 2230 1156 2274 „§§
1172 2229 1230 2263 62.
1261 2230 1327 2273 63,
1354 2229 1484 2274 inquit,
1511 2229 1747 2264 Hartmanno

262 2292 311 2335 [in
336 2290 516 2325 Analectis
542 2289 807 2333 Xenophonteis
834 2289 943 2333 Lugd.
964 2289 1038 2322 ssat.
1066 2299 1156 2322 anno
1178 2288 1266 2323 1887
1295 2288 1412 2333 editis]
1432 2291 1578 2322 anctore
1595 2288 1746 2323 inclusi.

259 2349 360 2384 Nam
385 2352 538 2393 apparet
563 2351 624 2381 καὶ
649 2349 740 2381 κατὰ
767 2349 851 2386 τοὺς
875 2349 1013 2394 νόμους
1040 2348 1076 2381 δὲ
1105 2374 1112 2381 .
1129 2373 1136 2381 .
1153 2374 1160 2381 .
1189 2347 1331 2381 πώποτ’
1359 2347 1439 2392 ἔσχε
1464 2347 1600 2392 spuria
1625 2359 1700 2381 esse
1716 2350 1749 2381 et

256 2412 447 2453 praeterea
484 2411 549 2442 aut
586 2419 667 2442 eam
700 2419 790 2451 quae
817 2407 1005 2451 praecedit
1037 2410 1102 2440 aut
1132 2418 1214 2440 eam
1246 2418 1337 2450 quae
1367 2407 1536 2451 sequitur
1574 2408 1666 2450 (πῶς

260 2468 400 2512 γραφῇ)
433 2467 662 2501 sententiam.
714 2466 844 2500 Etiam
881 2467 923 2500 de
959 2468 984 2511 ,ξ
1004 2467 1052 2500 64
1090 2467 1143 2509 (ὃς
1176 2467 1255 2500 ἀντὶ
1376 2466 1495 2509 πόλει)
1534 2465 1748 2500 Hartmann

260 2526 528 2560 dubitationem
554 2526 681 2566 morit,
710 2526 773 2559 sed
797 2525 841 2559 in
865 2537 903 2559 eo
930 2529 1022 2560 certe
1048 2537 1196 2567 errans,
1224 2525 1318 2569 quod
1343 2524 1404 2559 hie
1431 2525 1748 2570 ἄνακεφαλαιώσει

261 2586 379 2619 locum
404 2596 479 2618 non
504 2596 579 2619 esse
604 2585 729 2618 dz‘ez't.“
783 2584 851 2619 Sed
876 2584 1057 2628 injuriam,
1084 2585 1249 2628 arbitror,
1283 2584 1337 2618 his
1364 2583 1590 2628 paragraphis
1615 2585 1747 2617 temere

261 2644 425 2678 inferunt.
463 2643 587 2687 Neque
602 2644 695 2677 enim
716 2643 830 2678 solum
845 2654 987 2678 causam
1007 2643 1114 2677 huius
1135 2645 1316 2677 extremae
1336 2642 1481 2677 rationis
1501 2642 1643 2676 criticae
1662 2642 1746 2677 satis

261 2703 478 2746 exploratam
504 2713 571 2736 non
600 2703 760 2736 videmus
787 2723 831 2726 —
857 2713 935 2736 nam
964 2713 1054 2746 quae
1072 2702 1139 2746 ipsi
1165 2712 1271 2746 supra
1297 2700 1498 2745 attulimus,
1526 2711 1748 2746 nequaquam

261 2762 350 2796 hanc
375 2762 698 2805 interpretationem
732 2761 909 2806 postulare
936 2761 1140 2795 intellexisti
1173 2781 1217 2785 —
1250 2771 1374 2795 verum
1405 2760 1507 2794 valde
1539 2760 1643 2794 etiam
1675 2760 1745 2794 dis-

261 2821 384 2855 suadet
410 2821 501 2855 hanc
527 2821 736 2855 sententiam
765 2820 933 2865 Apologia
958 2819 1117 2854 hocloco
1143 2831 1213 2854 non
1239 2830 1343 2854 secus
1369 2820 1474 2863 atque
1500 2818 1598 2853 initio
1624 2818 1746 2862 capitis

262 2881 446 2923 usurpata,
474 2880 677 2923 praesertim
707 2890 786 2914 011111
812 2879 990 2913 simillima
1014 2879 1071 2913 hic
1096 2879 1229 2914 ratione
1255 2880 1433 2914 auctorem
1459 2877 1623 2913 dilatasse
1648 2877 1745 2912 vide-

261 2948 362 2972 amus
389 2937 578 2982 Apologiae
606 2938 729 2983 verba,
756 2940 861 2982 atque
888 2940 922 2972 et
947 2937 1017 2971 illic
1044 2940 1078 2972 et
1102 2938 1243 2982 ubique.
