1820 3340
1527 255 1579 293 95

98 371 390 410 criminationes
420 370 561 416 diluat,
595 370 678 419 ipse
707 370 876 419 fateatur
907 374 941 408 et
973 374 1103 408 tamen
1123 370 1259 407 multis
1280 370 1401 407 verbis
1422 383 1580 408 causam

99 442 218 488 dicat,
252 442 288 478 is
318 444 386 478 aut
416 441 622 477 mutaverit
648 440 859 478 consilium
890 444 959 478 aut
980 441 1061 489 ipse
1082 440 1159 478 sibi
1179 441 1415 478 contradicat
1435 453 1581 479 necesse

99 524 200 559 esse,·
233 515 340 549 tanta
370 514 500 548 autem
531 511 794 548 inconstantia
824 511 1067 559 stultitiaque
1096 523 1186 548 cum
1218 511 1261 548 in
1286 510 1477 548 Socratem
1501 524 1579 549 non

90 582 220 631 possit
250 581 395 627 cadere,
428 581 694 618 incusandum·
725 593 805 618 0330
826 593 933 627 eum.
968 582 1036 630 qui
1057 581 1172 618 illum
1195 584 1275 618 tam
1296 581 1581 619 inconstantem

97 652 230 701 fuisse
265 651 436 689 voluerit.
504 651 564 688 Ad
604 651 708 700 quod
743 654 847 689 reete
884 652 1179 689 Bornemannus
1222 652 1318 689 haec
1354 652 1580 701 respondet:

96 722 152 759 vel
182 722 300 760 obiter
330 721 500 770 inspecta
530 721 722 769 Apoloqia
745 721 956 770 praeterire
986 722 1184 759 neminem
1209 734 1325 770 posse
1346 734 1426 759 non
1447 722 1490 759 id
1509 722 1582 759 sibi

97 792 186 830 velle
219 791 433 837 Socratem,
466 795 509 828 ut
539 791 619 829 ullo
650 804 732 828 sese
762 791 869 829 verbo
901 803 1030 829 coram
1056 791 1248 829 iudicibus
1270 792 1522 840 defensurum
1543 805 1581 829 se

97 875 176 900 esse
205 868 330 910 neqet,
364 861 430 899 sed
458 865 503 898 ut
533 861 579 898 ab
610 861 716 899 iusta
747 861 921 899 oratione
957 862 1008 899 ad
1045 862 1259 899 titillandos
1296 862 1580 911 emerandosque

97 933 244 970 iudices
264 931 550 970 accommodata
571 932 844 980 verborumque
866 932 1070 969 lenociniis
1091 935 1276 969 exornata
1290 932 1581 970 aliem'ssimum

97 1015 136 1040 30
166 1015 246 1040 0330
277 1002 467 1051 siqnificet
498 1001 548 1052 (p.
574 1001 654 1050 22).
701 1024 755 1029 —-
801 1002 977 1040 Tertium
1015 1002 1048 1040 si
1086 1002 1175 1051 quis
1212 1002 1440 1040 brevitatem
1480 1003 1580 1041 forte

97 1072 217 1111 libelli
250 1072 430 1120 miretur,
474 1084 564 1109 eum
608 1072 657 1109 ad
700 1072 965 1110 Memorabilia
1004 1073 1300 1110 Bornemannus
1344 1076 1499 1111 revocat
1543 1078 1581 1110 et

97 1143 270 1192 supplere
302 1146 456 1180 tantum
487 1143 654 1180 voluisse
685 1143 895 1192 Apoloqias
933 1143 978 1180 ab
1010 1143 1102 1180 aliis
1133 1143 1254 1181 editas
1285 1143 1578 1192 Xenophontem

97 1216 229 1251 monet
259 1212 309 1264 (p.
334 1212 415 1263 23).

214 1284 365 1321 Deinde
398 1286 490 1322 sect.
518 1284 570 1322 10
609 1283 660 1332 (p.
685 1283 888 1334 23—25)
928 1283 976 1322 de
1014 1284 1226 1333 Apologiae
1264 1296 1353 1322 cum
1392 1284 1581 1322 Memora-

97 1354 240 1392 bilibus
272 1354 457 1392 extremis
489 1353 719 1402 cognatione
750 1354 804 1391 ita
835 1354 1014 1403 exponit,
1047 1357 1091 1391 ut
1112 1354 1201 1392 liaec
1221 1367 1244 1392 a
1264 1355 1428 1403 falsario
1451 1355 1581 1393 Xeno-

94 1425 234 1474 phonti
263 1424 417 1462 subdita
446 1424 605 1462 iudicet.
669 1425 939 1473 ‘Quicunun
972 1424 1117 1474 inquit,
1149 1424 1338 1462 ultimum
1368 1425 1580 1463 Memorab.

97 1498 210 1544 caput
246 1507 335 1532 cum
371 1494 562 1543 Apoloqia
604 1494 805 1543 aliquanto
843 1495 1082 1541 accuratim,
1128 1507 1248 1544 quam
1291 1495 1336 1532 ab
1373 1495 1581 1533 editoribus

97 1566 245 1615 factum
276 1568 347 1611 est,
380 1565 607 1614 inspeoeerit‚
640 1577 721 1602 non
735 1577 883 1614 pauca,
917 1565 1069 1614 opinor,
1091 1566 1251 1614 vestiqia
1271 1565 1455 1612 inveniet,
1478 1566 1580 1603 unde

97 1636 328 1685 Apoloqiam
364 1636 425 1673 etti·
446 1636 622 1685 priorem
659 1639 826 1673 extrema
862 1636 1021 1673 Memor.
1051 1639 1178 1684 parte,
1222 1636 1396 1674 maoeime
1433 1637 1521 1674 inde
1558 1650 1580 1674 a

97 1707 258 1744 sectione
290 1707 400 1744 tertia
430 1707 639 1751 exstitisse,
671 1706 728 1743 ita
758 1706 875 1743 etiam
904 1706 1041 1744 multis
1062 1707 1189 1744 modis
1209 1719 1342 1745 rerum
1362 1707 1580 1745 verborum-

98 1789 170 1826 que
200 1781 369 1826 respectu
406 1777 533 1814 habito
572 1776 662 1814 huic
698 1777 808 1814 illam
837 1780 1037 1826 praestare
1073 1777 1151 1815 sole
1187 1777 1332 1815 clarius
1368 1779 1581 1826 appareat'.

97 1847 249 1885 Indicia
279 1852 410 1885 autem
441 1848 537 1885 haec
567 1847 696 1885 affert:
729 1847 843 1885 Mem.
876 1848 905 1896 ᾧ·
929 1849 956 1885 3
986 1847 1208 1897 sophisticis
1239 1848 1582 1886 declamationibus

98 1921 132 1955 et
162 1917 441 1955 subtilitatibus
478 1918 661 1966 refertam
697 1929 777 1955 0330
814 1921 847 1955 et
878 1930 902 1955 a
932 1917 1162 1955 Selineidero
1194 1931 1343 1967 quoque
1374 1918 1581 1965 damnari:

93 2000 168 2038 pro
205 1988 515 2038 simplicissimis
550 1988 674 2025 verbis
710 1991 743 2025 et
781 1988 921 2037 quibus
964 1988 1068 2025 nihil
1109 2001 1190 2026 non
1226 1989 1579 2037 comprehendatur,

98 2058 201 2108 quod
230 2059 305 2096 huc
328 2059 537 2107 pertineat,
571 2055 639 2097 ὅτι
672 2054 793 2096 οὐδὲν
824 2054 974 2097 ἄδικον
1006 2053 1309 2112 διαγεγένημαι
1331 2061 1475 2097 ποιῶν
1497 2059 1580 2097 lan-

14 2107 27 2166 t.»
0 1978 25 2050 -Πν
14 1824 28 1957 *an-mmm,

96 2129 278 2178 quidiora
300 2129 424 2178 poni,·
456 2129 639 2167 directam
670 2129 879 2178 Apoloqiae
911 2129 1126 2167 orationem
1165 2129 1210 2167 in
1247 2129 1445 2179 obliquam
1484 2132 1580 2168 ‘cor-

96 2199 231 2248 rumpi
240 2199 259 2246 ’,
303 2200 480 2249 protasin
517 2203 550 2237 et
587 2200 776 2249 apodosin
812 2199 841 2251 ἕ
865 2201 890 2237 5
927 2200 1110 2237 dissecari
1116 2214 1133 2248 ,·
1178 2203 1244 2238 ‘ne
1282 2200 1578 2238 tritissimorum

97 2270 251 2318 quidem
301 2270 464 2308 Graecae
508 2270 664 2318 linquae
699 2270 936 2308 idiomatum
971 2270 1160 2319 qnarum’
1196 2284 1236 2308 se
1272 2271 1578 2320 interpolatorem

90 2341 288 2388 praebere,
321 2353 411 2378 cum
435 2353 512 2390 pro
543 2341 824 2379 constructione
855 2341 906 2378 ad
935 2354 1096 2379 sensum
1117 2342 1229 2390 Apol.
1250 2343 1277 2379 3
1310 2344 1472 2391 ‘parum-
1493 2354 1582 2380 con-

96 2411 214 2448 creta'
243 2411 541 2449 sclzoliastarum
571 2411 699 2449 instar
730 2411 962 2449 tralaticiam
994 2411 1144 2449 debendi
1170 2412 1387 2461 formulam
1407 2425 1580 2450 merum-

98 2493 170 2530 que
200 2481 584 2531 interpretamentum
605 2482 813 2519 substituat
834 2485 884 2528 et,
918 2494 1015 2531 quae
1035 2482 1310 2520 concinnitatis
1331 2483 1429 2531 leqes
1443 2486 1581 2532 postu-

99 2550 194 2598 lent,
227 2552 320 2600 quia
340 2552 501 2601 reliquis
517 2552 637 2601 paulo
658 2551 907 2601 impeditiora
926 2555 1083 2601 captum
1100 2552 1277 2590 hominis
1298 2554 1578 2602 superaverint,

98 2621 273 2669 omittat,·
304 2622 477 2660 breviora
507 2625 541 2660 et
572 2622 823 2660 concinniora
853 2634 974 2671 quam
995 2622 1109 2660 Mem.
1141 2621 1171 2674 ἕ
1194 2624 1219 2660 5
1251 2617 1331 2676 ἤδη
1361 2635 1443 2672 μου
1475 2617 1578 2662 ἐπι-

95 2695 334 2744 χειροῦντος
364 2689 452 2731 κτλ.
484 2705 562 2730 0330
593 2692 704 2730 verba
734 2692 962 2742 Apoloqiae,
1001 2705 1068 2731 nec
1098 2688 1171 2731 καὶ
1205 2686 1272 2739 dig
1302 2694 1348 2730 ab
1379 2694 1581 2742 interprete

97 2762 287 2801 inculcari
320 2764 515 2813 potuisse,
566 2759 680 2815 πρὸς
720 2760 817 2809 τοὺς
869 2759 1078 2810 δικασῑάς
1125 2775 1454 2812 supervacaneum
1503 2776 1580 2802 esse

98 2833 429 2881 additamentuom·
462 2829 732 2887 (ἠναντιώθη
765 2834 815 2871 ad
846 2827 1165 2886 ἐπιχειροῦντος
1201 2846 1283 2871 non
1313 2834 1455 2872 melius
1487 2846 1581 2884 qua-

99 2903 226 2951 drare,
267 2916 385 2953 quam
417 2904 468 2942 ad
504 2897 855 2957 ἐπιχειρήσαντος
883 2916 1071 2953 praesens
1109 2908 1259 2953 tempus
1296 2899 1579 2944 ἐναντιοῦται’
