1820 3340
1478 256 1530 292 81

54 367 244 417 quaedam
276 366 421 414 legisse
453 366 624 404 videtur:
658 378 709 404 ex
739 366 814 404 hoc
844 365 965 415 igitur
1003 367 1133 405 studio
1170 368 1416 419 negotiisque
1454 371 1533 409 illis

52 437 209 475 rusticis
241 439 280 475 et
312 435 538 474 domesticis
569 436 739 485 primum
771 436 837 474 otii
870 436 1033 474 litterati
1065 438 1235 476 fructum
1274 442 1408 477 natum
1446 452 1533 479 esse

53 506 351 545 Oeconomicum
395 509 623 544 statuamus.
697 506 757 544 Ita
801 507 894 544 dum
938 507 1207 557 philosophiae
1256 521 1412 558 operam
1456 511 1532 558 dat,

51 578 273 616 recurrebat
304 576 428 625 magis
460 576 663 626 magisque
694 577 823 614 animo
855 580 893 614 et
924 578 1183 616 reviviscebat
1205 578 1374 617 Socratis
1405 592 1533 618 recor-

51 647 173 696 datio,
206 650 245 685 et
275 659 365 684 cum
395 649 435 684 et
466 646 541 684 alia
572 639 774 696 quaedam¹
796 646 844 684 de
865 646 934 685 lite
955 651 1157 697 morteque
1182 649 1257 687 viri
1279 650 1533 699 comperisset

50 721 90 755 et
131 717 463 766 magniloquentia
507 728 576 754 sua
618 728 708 754 eum
746 719 789 754 ut
826 717 1150 755 condemnaretur
1186 719 1316 768 ipsum
1355 720 1535 759 effecisse·

49 787 254 836 audiisset,
298 787 596 836 accuratiusque
639 787 687 824 de
731 787 804 824 hac
840 799 882 824 re
927 790 1006 824 tam
1049 788 1266 827 admirabili
1312 790 1533 829 sciscitatus

50 869 199 905 eorum,
232 857 298 907 qui
331 857 380 894 de
412 857 568 896 Socrate
600 857 864 906 scripsissent,
905 869 1097 896 consensu
1135 871 1218 896 rem
1250 872 1410 909 prorsus
1442 874 1533 899 con-

49 928 193 965 firmari
224 927 402 966 audisset
413 926 458 978 1),
496 927 575 976 jam
605 927 701 965 haec
732 928 768 965 ei
800 927 975 965 exoritur
1006 929 1199 977 quaestio:
1240 930 1306 980 qui
1344 931 1427 969 fieri
1464 944 1531 981 po-

49 998 182 1046 tuerit,
213 1001 257 1036 ut
288 998 342 1036 ita
373 998 551 1036 Socrates
583 1010 624 1036 se
655 1002 817 1047 gereret.
886 1000 943 1036 Ac
981 999 1166 1048 quoniam
1205 1001 1325 1038 stulta
1362 1002 1531 1040 vanitate

48 1068 175 1106 virum
208 1068 538 1118 sapientissimum
570 1069 611 1106 id
642 1069 782 1106 fecisse
814 1069 972 1107 omnino
1006 1081 1083 1107 non
1105 1073 1256 1119 poterat
1277 1071 1400 1121 credi,
1432 1073 1532 1110 nihil

49 1138 157 1176 aliud
187 1138 355 1188 relinqui
386 1138 637 1187 Xenophonti
668 1138 885 1187 Videbatur,
918 1151 1034 1188 quam
1066 1142 1109 1177 ut
1130 1140 1307 1178 consulto
1339 1141 1405 1179 ille
1427 1142 1531 1191 cogi-

48 1210 205 1258 tateque
238 1209 293 1246 sic
324 1208 478 1247 locutus
511 1220 597 1246 esse
629 1212 843 1258 putaretur,
878 1209 1148 1259 suscipiendae
1179 1211 1363 1249 videlieet
1395 1213 1531 1250 mortis

49 1279 210 1317 consilio
241 1279 448 1317 adductus.
510 1279 592 1316 Iam
626 1279 769 1328 quibus
801 1280 1034 1328 rationibus,
1073 1284 1117 1318 ut
1154 1281 1227 1319 hoc
1264 1282 1530 1331 constitueret,

48 1352 263 1387 commotus
295 1352 399 1387 esset
431 1350 704 1399 quaerebatur:
744 1351 807 1387 cui
840 1350 1059 1399 quaestioni
1092 1363 1368 1400 responsuram
1399 1353 1531 1391 Xeno-

48 1421 152 1469 phon
184 1420 416 1469 conscripsit
436 1420 667 1469 Apologiam
695 1432 823 1470 suam3
857 1421 989 1470 itaque
1020 1421 1130 1459 vides
1153 1434 1244 1459 eum
1267 1423 1368 1461 sicut
1391 1424 1530 1473 probos

47 1490 255 1540 scriptores
286 1491 367 1528 fere
398 1502 532 1528 omnes
563 1502 640 1528 non
672 1491 846 1528 externis
879 1491 1111 1541 quibusdam
1150 1493 1278 1530 causis
1315 1493 1530 1532 adductum

46 1560 150 1609 aliis,
183 1561 252 1599 sed
285 1560 366 1598 suis
398 1560 698 1609 cogitationibus
719 1561 933 1611 impulsum
958 1562 1030 1599 sibi
1051 1562 1135 1600 loco
1157 1563 1338 1612 primario
1361 1564 1529 1602 scribere

45 1630 133 1680 ipsi.
197 1630 294 1668 Cum
344 1633 475 1668 autem
517 1630 775 1680 Hermogenis
825 1644 916 1669 cum
967 1632 1125 1670 Socrate
1181 1633 1373 1683 colloquio
1421 1634 1529 1672 illam

48 1700 336 1750 quaestionem,
367 1704 412 1739 ut
433 1701 507 1739 sibi
529 1701 687 1750 quidem
709 1701 930 1750 videbatur,
963 1702 1228 1752 dissolvisset,
1251 1704 1394 1752 partim
1416 1706 1529 1743 credo

45 1771 131 1820 ipsa
162 1772 219 1809 rei
250 1774 388 1809 natura
418 1774 458 1810 et
488 1771 778 1810 continuatione
800 1772 1007 1820 invitatus,
1039 1773 1181 1822 partim
1203 1775 1529 1812 commentatiun-

47 1841 158 1879 culae
195 1841 401 1890 exiguitati
438 1841 672 1879 medicinam
711 1845 917 1891 paraturus
956 1855 1047 1880 eum
1084 1844 1222 1892 finem,
1266 1857 1380 1894 quem
1417 1845 1528 1883 initio

48 1912 121 1950 sibi
152 1916 425 1961 proposuerat,
458 1923 640 1961 egressus
671 1912 821 1961 reliqua
852 1913 1004 1962 adjecit.
1067 1913 1221 1951 Deinde
1253 1915 1300 1952 ab
1329 1915 1401 1952 hoc
1421 1917 1529 1964 prin-

46 1982 147 2032 cipio
178 1983 378 2031 profectus
410 1994 499 2020 cum
532 1982 767 2020 Socraticam
800 1983 1015 2020 doctrinam
1047 1984 1171 2033 magis
1203 1985 1433 2033 cognovisse
1455 1985 1528 2023 sibi

45 2053 262 2100 videretur,
294 2052 561 2090 Memorabilia
598 2052 786 2100 paulatim
817 2053 1035 2102 composuit
1072 2054 1365 2104 Apologiaeque
1402 2056 1528 2104 plera-

47 2136 121 2173 que
152 2123 278 2172 magis
309 2122 489 2161 minusve
520 2123 727 2160 immutata
763 2127 802 2161 et
833 2126 1005 2162 correcta
1041 2123 1081 2161 in
1120 2124 1189 2162 illa
1227 2126 1383 2174 recepit.
1445 2126 1528 2164 Hac

45 2197 176 2232 autem
207 2194 295 2244 ipsa
326 2194 374 2231 de
397 2206 514 2232 causa
542 2205 619 2230 non
640 2193 688 2231 ab
710 2194 794 2243 ipso
815 2193 995 2231 libellum
1017 2194 1166 2232 editum
1188 2207 1275 2233 esse
1296 2207 1528 2245 persuasum

165 2321 198 2364 l)
224 2320 349 2354 Libros
375 2320 416 2353 de
442 2319 503 2353 lite
529 2319 681 2353 Socratis
707 2318 833 2363 legisse
860 2319 975 2363 ipsum
1001 2320 1093 2353 credi
1120 2320 1255 2364 nequit,
1287 2331 1401 2365 neque
1433 2322 1527 2355 enim

46 2379 146 2414 aliter
170 2379 205 2412 in
233 2378 402 2422 Apologia
428 2380 547 2422 posset
580 2378 674 2411 cerni
707 2388 816 2421 prava
846 2377 906 2411 illa
937 2379 1167 2412 accusationis
1198 2379 1452 2423 intellegentia,
1484 2381 1527 2414 de

47 2449 115 2482 qua
140 2448 246 2481 supra
272 2439 319 2480 (p.
334 2436 379 2471 43
394 2436 455 2479 ss.)
481 2436 729 2480 exposuimus,
756 2436 926 2480 siquidem
947 2438 1005 2480 qui
1024 2437 1081 2471 alii
1100 2438 1142 2471 de
1160 2448 1201 2471 ea
1218 2437 1280 2471 lite
1298 2439 1526 2483 scripserunt,

45 2499 104 2531 aut
141 2497 234 2540 ipsos
266 2495 394 2530 actioni
423 2495 629 2529 interfuisse
667 2495 728 2528 aut
764 2495 912 2528 Athenis
951 2506 990 2529 eo
1027 2498 1184 2540 tempore
1221 2497 1375 2531 adfuisse
1407 2497 1526 2541 itaque

46 2557 289 2590 accusatorum
307 2554 461 2588 rationes
479 2553 871 2597 argumentationesque
889 2554 1030 2588 novisse
1050 2557 1322 2589 consentaneum
1342 2557 1411 2598 est,
1438 2567 1526 2600 quae

44 2613 165 2648 notitia
189 2613 266 2647 fieri
291 2623 357 2646 non
386 2614 521 2656 poterat
546 2612 628 2656 quin
655 2613 840 2655 appareret
865 2612 897 2645 in
924 2611 1019 2646 libris
1045 2623 1166 2646 eorum
1193 2614 1228 2646 et
1246 2614 1288 2647 ad
1307 2614 1525 2657 Xenophon-

0 2703 1 2707 ,
44 2675 115 2706 tem
142 2682 279 2716 quoque
304 2671 370 2705 hac
390 2672 463 2711 via,
491 2671 519 2704 si
538 2670 615 2704 illos
633 2670 792 2714 legisset,
823 2673 1034 2714 perventura
1052 2671 1188 2705 fuisset.
1240 2673 1291 2705 Ac
1310 2672 1446 2706 modice
1464 2683 1526 2706 nos

43 2732 206 2775 tangunt,
246 2741 334 2774 quae
367 2729 484 2763 verbis
516 2729 585 2763 illis
616 2730 824 2773 γεγράφασι
848 2729 919 2774 μὲν
945 2725 1010 2762 οὖν
1034 2731 1095 2762 καὶ
1126 2731 1229 2762 ἄλλοι
1259 2731 1330 2763 κτλ.
1363 2730 1527 2764 videntur

0 2799 9 2832 J
43 2789 236 2833 designari:
263 2800 344 2823 nam
370 2791 510 2823 veteres
536 2788 620 2823 artis
646 2788 739 2822 illius
766 2789 808 2822 de
834 2787 933 2822 libris
958 2799 1139 2832 nunquam
1166 2799 1185 2822 a
1211 2798 1248 2822 se
1273 2788 1375 2822 lectis
1399 2789 1449 2823 ita
1473 2788 1525 2822 lo-

0 2852 4 2892 }
47 2849 194 2892 quendi,
220 2848 319 2892 quasi
347 2857 405 2881 eos
431 2847 614 2891 legissent,
641 2849 840 2880 nostrorum
866 2848 1065 2890 temporum
1092 2846 1288 2881 hominibus
1313 2858 1384 2881 non
1409 2847 1526 2882 minus

44 2907 150 2941 fuisse
175 2916 302 2950 gnaros
328 2907 474 2940 constat.

1290 2977 1311 3010 6
