1820 3340
265 228 346 265 122

263 340 462 383 θέντων
493 339 686 397 κέκριται
721 345 879 393 iterari;
911 346 940 394 ἕ
963 347 987 383 9
1018 341 1116 384 οὐδὲ
1136 346 1234 384 satis
1255 347 1355 385 male
1376 347 1454 385 dici
1473 360 1547 397 pro
1571 343 1635 396 οἵ,
1658 348 1748 386 item

263 409 302 454 εἰ
333 411 502 468 βαρύνω
527 428 603 465 pro
637 411 732 463 aiv,-
770 416 981 454 articulum
1012 412 1061 454 τό
1092 421 1180 454 ante
1213 412 1283 470 ζῆν
1314 418 1569 456 omittendum
1600 418 1749 468 fuisse,-

260 488 290 536 ἕ
314 487 372 524 22
410 482 534 539 δῆλον
572 483 639 524 ὅτι
678 487 803 524 nimis
840 487 980 524 incerte
1017 487 1095 525 dici
1131 491 1164 525 et
1198 489 1447 537 qrammatici
1488 489 1748 539 conjecturam

259 557 440 606 facientis
472 569 572 604 esse;
603 555 633 608 ἑ·
657 557 710 594 27
741 550 903 607 ὄμμασι
937 553 1121 609 φαιδρός
1141 558 1218 596 dici
1231 571 1308 608 pro
1330 552 1515 609 ὄμματα.
1576 559 1749 597 Titulum

261 628 425 676 (lenique
470 627 587 664 libelli
627 627 795 665 minime
839 640 929 665 cum
968 632 1199 677 arqumento
1243 630 1466 678 convenire;
1509 627 1622 682 πρὸς
1651 627 1750 677 τοὺς

261 693 471 744 δικαστάς
508 698 686 747 ineptum
729 710 809 736 esse
851 698 1185 747 additamentum
1229 703 1262 737 et
1306 701 1408 749 quod
1444 701 1748 739 Bornemannus

260 768 447 806 librorum
481 768 614 806 titulos
645 781 670 806 a
693 769 977 818 posterioribus
1008 782 1118 818 saepe
1149 770 1301 808 additos
1332 783 1411 809 esse
1432 775 1608 809 moneat:
1642 772 1685 810 ob
1708 771 1749 809 id

260 839 394 888 ipsum
438 839 481 876 (le
524 843 677 877 auctore
720 852 765 877 696
809 839 920 877 titulo
964 840 1068 877 nihil
1110 840 1216 889 effici
1251 853 1379 890 posse.
1452 842 1747 892 Xenophontem

258 913 407 956 autem,
453 910 490 947 si
527 914 681 959 praeter
723 910 990 948 Memorabilia
1038 911 1081 948 cle
1127 911 1281 949 Socrate
1331 912 1545 962 quidquam
1589 912 1748 951 scribere

257 980 456 1027 voluisset,
501 993 631 1018 reram
675 981 928 1030 Apoloqiam,
979 994 1061 1019 non
1110 982 1429 1020 narratiunculas
1477 983 1639 1021 scribere
1686 983 1747 1021 de-

257 1051 396 1089 baisse.

744 1176 836 1233 §8.
890 1178 956 1221 De
990 1177 1265 1222 Schmitzio.

376 1273 451 1321 Qui
484 1274 705 1324 proximum
740 1278 848 1313 tenet
880 1279 969 1324 post
1002 1275 1254 1324 Caspersium
1285 1276 1387 1314 inter
1417 1276 1569 1315 iudices
1601 1276 1745 1326 Apolo-

255 1345 341 1394 giae
387 1346 516 1383 locum
563 1345 837 1383 Leonardus
882 1346 1213 1394 Schmitziusl)
1257 1347 1422 1384 eandem
1468 1347 1534 1385 hic
1583 1347 1744 1397 quidem

255 1421 371 1466 atquc
402 1416 470 1453 1116
502 1416 737 1454 sententiam
769 1416 976 1466 amplexus
998 1420 1074 1466 est,
1107 1420 1240 1455 tuetur
1261 1420 1393 1455 tamen
1415 1430 1500 1456 eam
1521 1417 1561 1455 in
1583 1418 1743 1456 modum

256 1487 588 1535 diversissimum3
622 1499 712 1525 nam
744 1490 789 1524 ut
819 1487 861 1524 in
892 1487 960 1525 illo
991 1487 1229 1537 aequitatem
1268 1488 1387 1526 simul
1417 1492 1535 1539 atque
1571 1488 1743 1538 pruden-

253 1558 348 1596 tiam
382 1558 515 1596 iudicii
548 1558 876 1606 desideravimus,
916 1559 969 1596 ita
1000 1563 1205 1609 utramque
1237 1559 1343 1598 hunc
1373 1559 1597 1598 invenimus
1635 1572 1742 1609 prae-

257 1633 442 1677 stantem,
476 1633 515 1667 et
547 1641 634 1666 cum
667 1629 978 1667 ratiuncularum
1010 1630 1113 1667 nube
1145 1630 1459 1668 futilissimarum
1497 1631 1545 1669 ab
1576 1630 1644 1668 1110
1676 1631 1743 1667 ob-

253 1711 428 1747 ruamur,
474 1700 537 1737 hic
584 1699 920 1751 argumentatione
967 1700 1171 1738 sanissime
1214 1701 1373 1738 astricta
1424 1701 1539 1739 rebus
1588 1705 1743 1750 praeter

253 1774 415 1808 externa
451 1774 685 1819 argumenta
722 1770 945 1809 continetur
982 1771 1152 1819 duabus,
1194 1772 1264 1809 sed
1302 1772 1359 1809 eis
1398 1771 1558 1821 quidem
1595 1771 1741 1819 gravis-

256 1853 377 1879 simis.

371 1922 532 1961 Orditur
552 1923 674 1972 igitur
694 1936 716 1961 a
736 1924 904 1962 testibus
925 1925 1098 1974 antiquis
1121 1925 1342 1974 Athenaeo,
1376 1925 1551 1974 Diogene
1572 1924 1740 1972 Laertio,

252 1993 433 2043 Stobaeo3
467 2006 636 2043 quorum
667 1994 729 2032 his
760 1995 914 2032 nullam
945 1995 990 2032 in
1021 1995 1105 2033 eius
1124 1995 1277 2043 ,qeneris
1299 1996 1591 2044 quaestionibus
1612 1999 1740 2034 aucto-

250 2065 405 2102 ritatem
443 2077 522 2102 esse
554 2065 706 2113 statuit,
751 2065 813 2103 illi
849 2069 979 2103 autem
1025 2069 1209 2103 nostrane
1246 2066 1438 2115 Apologia
1480 2070 1568 2104 ante
1611 2066 1740 2104 oculos

250 2135 389 2183 fuerit,
424 2136 613 2184 quoniam
644 2136 755 2174 verba
786 2136 831 2174 ab
863 2148 903 2174 eo
937 2136 1096 2174 laudata
1127 2137 1225 2174 satis
1264 2149 1288 2174 a
1320 2137 1452 2174 traditi
1482 2137 1594 2174 nobis
1626 2136 1740 2175 libelli

371 2308 403 2352 1)
438 2308 493 2342 On
519 2308 574 2342 the
600 2309 763 2353 Apoloyy
795 2308 840 2352 of
867 2308 1049 2351 Socrates,
1084 2310 1289 2354 commonly
1321 2309 1522 2343 attributed
1552 2312 1586 2343 to
1617 2309 1737 2344 Xeno-

246 2366 362 2410 phon.
392 2367 426 2399 in
453 2367 676 2411 ephemeride
703 2367 908 2411 philologica
937 2367 1083 2411 Anglica
1115 2369 1171 2402 cui
1197 2379 1323 2402 nomen
1357 2370 1432 2402 erat
1468 2368 1539 2402 The
1565 2368 1738 2402 classical

249 2425 436 2466 Muscam,
465 2425 532 2459 vol.
554 2425 591 2459 ΙΙ
618 2425 709 2460 1845
736 2437 768 2470 p.
783 2425 987 2460 221—229.
1040 2426 1153 2461 Natus
1185 2427 1399 2461 Schmitzius
1430 2427 1467 2460 in
1499 2427 1625 2471 oppido
1657 2437 1737 2470 pro-

248 2484 386 2518 vinciae
411 2484 600 2518 Rhenanae
632 2485 725 2528 quod
758 2488 810 2518 est
838 2485 961 2529 Eupen
988 2496 1017 2519 a.
1042 2485 1143 2529 1807,
1174 2495 1255 2519 oum
1287 2485 1449 2530 Angliam
1481 2487 1518 2519 in
1550 2486 1737 2520 Germania

248 2543 443 2577 litterarum
470 2543 577 2576 studii
604 2553 710 2577 causa
736 2545 933 2578 versantem
960 2543 1137 2587 duxisset,
1164 2544 1199 2577 in
1227 2545 1375 2588 patriam
1400 2544 1521 2579 uxoris
1547 2544 1685 2578 transiit
1701 2546 1736 2578 et

249 2601 425 2636 civitatem
452 2602 690 2636 Britannicam
717 2603 865 2646 adeptus
892 2605 960 2645 est,
987 2603 1249 2646 ephemeridem
1275 2604 1377 2637 modo
1403 2605 1632 2638 memoratam
1657 2613 1735 2637 oon-

248 2661 336 2694 didit
361 2672 390 2695 a.
409 2660 515 2703 18433
548 2663 664 2695 rector
695 2661 934 2696 universitatis
959 2661 1235 2706 Edinburgensis
1267 2662 1381 2696 factus
1414 2663 1467 2696 est
1492 2672 1522 2696 a.
1538 2661 1646 2704 1845,
1679 2661 1735 2696 cui

248 2720 400 2763 praefuit
425 2730 536 2764 usque
562 2720 605 2754 ad
631 2731 661 2754 a.
679 2720 786 2764 18663
814 2721 938 2755 deinde
964 2721 1175 2755 Londinium
1201 2724 1346 2755 vocatus
1363 2721 1624 2765 honoribusque
1641 2720 1734 2755 haud

247 2778 480 2812 mediocribus
506 2779 655 2813 affectus
688 2781 850 2813 mortuus
884 2786 937 2813 est
963 2790 992 2813 a.
1011 2779 1110 2814 1890.
1163 2779 1215 2813 De
1248 2780 1372 2814 studiis
1404 2780 1620 2824 antiquitatis
1653 2789 1731 2823 pro-

247 2836 429 2871 movendis
456 2847 496 2871 eo
523 2838 730 2881 praesertim
758 2838 844 2872 bene
871 2838 1012 2881 meruit,
1041 2839 1132 2882 quod
1153 2838 1284 2882 Anglos
1302 2839 1338 2872 in
1357 2838 1629 2873 familiaritatem
1648 2838 1732 2872 Ger-

248 2895 403 2930 manicae
430 2895 611 2930 doctrinae
637 2896 800 2930 artiorem
828 2897 983 2931 adduxit.
