1820 3340
256 254 309 292 82

254 371 394 418 habeo,
439 369 508 408 sed
555 368 650 406 satis
698 379 788 405 eum
826 366 1008 404 habuisse
1046 377 1135 403 cum
1172 364 1308 403 amicis
1347 364 1581 415 opusculum
1627 375 1742 402 suum

255 440 559 488 communicare3
582 441 672 488 post
693 441 859 475 mortem
880 437 1039 474 demum
1059 435 1228 474 auctoris
1250 439 1443 485 repertam
1466 435 1568 473 inter
1589 435 1743 472 chartas

255 513 302 550 ab
335 524 379 549 eo
410 510 570 548 relictas
607 508 834 558 Apologiam
865 507 1038 557 aliquem
1069 506 1351 555 publicavisse,
1385 506 1548 544 titulum
1579 505 1744 554 inscrip-

257 584 357 621 sisse
389 581 595 631 primaque
626 580 711 617 eius
743 579 860 617 verba
891 578 1065 628 (perinde
1095 580 1213 626 atque
1236 576 1497 626 Oeconomici)
1530 588 1575 614 ea
1596 575 1744 614 ratione

256 653 503 699 immutasse,
535 654 579 688 ut
610 649 876 688 Memorabilia
906 649 1086 697 excipere
1109 647 1350 697 videretur.¹)
1402 647 1467 686 Sic
1488 647 1592 685 enim
1614 646 1745 685 nescio

255 736 306 761 an
337 721 639 772 explicationem
670 721 809 758 habeat
840 732 916 758 non
948 731 1109 769 prorsus
1141 719 1324 756 absonam
1353 719 1470 757 etiam
1492 718 1550 767 id,
1582 717 1686 767 quod
1707 720 1747 755 et

257 794 299 831 in
330 793 413 831 cod.
436 793 524 830 Vat.
552 792 675 837 1335,
708 790 886 829 codicum
919 789 1275 839 manuscriptorum
1309 793 1351 827 ut
1372 789 1528 827 videtur
1548 791 1746 838 praestan-

258 863 428 912 tissimo,
461 866 500 901 et
521 862 560 899 in
584 862 818 911 scriptorum
840 861 1214 910 Xenophonteorum
1235 860 1428 909 catalogo,
1461 859 1508 897 de
1530 871 1607 909 quo
1629 870 1748 908 supra

258 934 450 982 diximus,
471 934 517 971 ab
532 932 695 982 reliquis
710 932 866 981 scriptis
881 931 1087 970 Socraticis
1108 930 1297 980 Apologia
1317 930 1485 968 discreta
1504 929 1749 979 invenitur.²)

379 1005 479 1043 Sane
511 1016 556 1042 ea
588 1015 706 1053 quam
737 1002 851 1040 modo
873 1002 1129 1051 exposuimus
1157 1001 1205 1039 de
1227 1001 1440 1049 natalibus,
1471 1005 1516 1038 ut
1535 1001 1590 1038 ita
1611 999 1748 1047 dicam,

259 1075 473 1124 Apologiae
506 1074 700 1112 sententia
731 1073 833 1111 male
861 1073 1041 1122 congruit
1063 1084 1153 1110 cum
1174 1071 1367 1110 tralaticia
1388 1070 1457 1109 illa
1477 1070 1750 1120 Xenophontis

260 1146 366 1183 fama
397 1150 584 1195 tanquam
615 1144 735 1182 unius
767 1156 788 1182 e
820 1143 1022 1181 fidissimis
1051 1142 1447 1192 familiarissimisque
1470 1142 1640 1180 Socratis
1671 1141 1750 1179 dis-

261 1216 416 1265 cipulis.
479 1215 555 1254 Sed
589 1227 634 1253 ea
665 1215 751 1264 ipsa
778 1215 1033 1252 vehementer
1063 1214 1160 1251 mihi
1183 1214 1303 1251 dubia
1324 1213 1492 1251 videtur.
1556 1211 1682 1260 Quem
1702 1212 1751 1250 ad

261 1286 421 1324 modum
454 1286 589 1324 statim
620 1286 662 1322 in
695 1284 865 1323 Socratis
897 1284 1204 1322 familiaritatem
1226 1284 1384 1322 venisse
1415 1283 1592 1321 tradatur
1623 1283 1751 1333 (Diog.

261 1357 391 1395 Laert.
415 1356 455 1394 Π
477 1356 565 1407 48),
598 1355 913 1404 reminiscamur3
950 1367 1026 1404 qua
1056 1354 1349 1393 narratiuncula
1386 1366 1475 1392 cum
1515 1353 1615 1391 nihil
1651 1354 1752 1392 refe-

261 1431 370 1466 ratur
401 1427 476 1465 nisi
510 1439 608 1477 quae
641 1430 680 1465 et
710 1426 752 1464 in
783 1426 1087 1475 Xenophontem
1119 1429 1159 1464 et
1188 1425 1228 1462 in
1263 1425 1463 1464 Socratem
1483 1425 1627 1464 eximie
1658 1437 1752 1474 qua-

262 1498 378 1536 drent
422 1521 477 1526 ——
522 1497 721 1547 praeclara
757 1497 861 1535 enim
907 1497 1020 1534 illum
1065 1496 1195 1546 specie
1241 1496 1364 1534 fuisse
1410 1496 1631 1545 praeditum
1675 1507 1753 1534 non

262 1570 395 1607 minus
427 1571 580 1606 constat
611 1580 730 1618 quam
760 1568 866 1605 hunc
896 1567 1001 1604 virili
1038 1567 1332 1616 pulchritudine
1370 1567 1532 1605 mirifice
1569 1567 1753 1605 affectum

265 1662 320 1668 -—
353 1651 423 1677 cur
453 1639 573 1677 fidem
607 1639 642 1676 ei
674 1639 933 1687 denegemus,
966 1638 1148 1687 equidem
1180 1649 1256 1675 non
1288 1637 1487 1686 intellego.
1549 1637 1601 1675 Ut
1621 1640 1754 1675 autem

263 1711 406 1748 habere
438 1722 523 1748 eam
556 1722 626 1760 pro
659 1722 750 1748 vera
780 1709 915 1757 liceat,
947 1708 1089 1747 allecto
1120 1708 1245 1758 magis
1285 1708 1442 1747 Socrate
1479 1708 1754 1757 Xenophontis

263 1781 333 1819 illa
369 1781 508 1828 forma,
553 1793 670 1830 quam
713 1780 975 1830 Xenophonte
1020 1779 1236 1829 sapientiae
1280 1779 1497 1818 Socraticae
1541 1779 1754 1829 cupiditate

263 1851 435 1901 impulso
457 1851 761 1889 familiaritatem
783 1851 976 1900 quandam
1004 1850 1107 1888 inter
1128 1862 1194 1888 eos
1216 1850 1417 1888 exstitisse
1438 1850 1532 1888 licet
1553 1849 1754 1899 suspicari.

266 1922 340 1960 Cui
371 1922 530 1971 quidem
563 1921 736 1971 opinioni
768 1922 886 1959 etiam
916 1921 1016 1958 illud
1049 1921 1301 1970 suffragatur,
1341 1920 1445 1970 quod
1476 1920 1621 1969 gloriae
1652 1920 1755 1958 mili-

264 1993 360 2031 taris
392 1993 608 2030 aliarumve
638 2004 769 2030 rerum
796 1992 926 2030 nescio
958 2004 1124 2042 quarum
1146 1992 1317 2029 incertae
1340 1991 1424 2041 spei
1446 1991 1617 2030 Socratis
1639 2002 1754 2028 usum

266 2063 594 2113 disciplinamque
625 2063 720 2101 adeo
752 2063 996 2112 posthabuit,
1034 2066 1078 2100 ut
1110 2074 1158 2100 ne
1189 2062 1238 2099 ad
1276 2062 1340 2100 dei
1378 2062 1536 2112 quidem
1572 2061 1755 2111 Delphici

265 2134 471 2172 arbitrium
492 2133 643 2172 sincere
665 2146 748 2172 rem
770 2134 982 2182 conferret,
1006 2133 1075 2171 sed
1098 2132 1326 2183 quaestione
1348 2132 1594 2182 praeveniret
1615 2132 1755 2170 callida

266 2204 331 2243 dei
363 2204 612 2244 sententiam.

387 2274 429 2312 Si
460 2278 590 2313 autem
622 2278 727 2313 recte
759 2286 800 2312 se
832 2275 994 2321 habent,
1027 2286 1126 2324 quae
1158 2274 1222 2312 hic
1244 2274 1550 2324 disputavimus,
1582 2286 1651 2323 pro
1673 2277 1755 2311 rato

266 2345 342 2382 iam
382 2349 421 2383 et
459 2345 658 2394 explorato
690 2344 912 2383 habendum
944 2344 1017 2382 erit
1047 2357 1124 2382 non
1156 2356 1273 2394 posse
1304 2344 1474 2394 amplius
1506 2356 1596 2382 eum
1627 2344 1755 2394 putari

266 2415 580 2464 Xenophontem,
598 2415 666 2464 qui
682 2415 852 2454 Socratis
866 2415 1039 2463 effigiem
1054 2415 1218 2453 solidam
1232 2418 1270 2454 et
1283 2426 1511 2464 expressam
1526 2414 1753 2464 depinxerit.

389 2518 422 2558 1)
450 2517 503 2551 Cf.
530 2516 673 2551 Wilam.
701 2529 733 2561 p.
749 2517 810 2552 99:
845 2517 1004 2561 „Indem
1035 2517 1090 2551 sie
1120 2517 1191 2551 mit
1217 2517 1320 2552 einer
1342 2516 1755 2562 Verbindunyspartikel

268 2575 441 2620 anfcinyt,
472 2576 569 2620 yiebt
593 2576 648 2610 sie
673 2576 754 2610 sich
786 2577 843 2610 als
875 2576 984 2610 einen
1009 2576 1199 2620 Naehtray
1231 2577 1293 2611 der
1318 2576 1620 2611 Memorabilien:
1652 2586 1752 2611 wenn

267 2635 371 2669 nieht
396 2635 459 2668 ihr
480 2634 681 2678 Verfasser‚
709 2646 748 2669 so
775 2635 864 2669 doeh
889 2636 952 2669 der
980 2635 1230 2680 Herausqeber
1254 2647 1388 2670 ‘amares
1408 2635 1548 2680 Corpus
1572 2646 1676 2670 ‘mass
1701 2634 1753 2669 sie

267 2705 307 2727 so
334 2693 535 2737 anyeselzen
561 2694 715 2728 haben.“

387 2751 423 2796 2)
455 2752 571 2786 Etiam
596 2752 768 2787 Heinzius
801 2754 847 2797 (v.
877 2765 909 2797 p.
924 2752 984 2797 88)
1017 2753 1268 2797 Weiskiusque
1296 2754 1343 2798 (v.
1369 2753 1513 2797 p.912)
1551 2752 1754 2797 Apologiam

269 2811 438 2855 priorem,
466 2812 587 2855 postea
612 2812 755 2845 demum
781 2811 1021 2846 Memorabilia
1053 2813 1250 2856 conscripta
1282 2814 1512 2855 censuerunt3
1545 2822 1609 2846 nec
1638 2813 1753 2846 tamen

269 2870 572 2913 argumentatione
599 2872 634 2904 et
659 2870 921 2905 ratiocinatione
948 2871 1037 2905 hanc
1063 2870 1259 2914 opinionem
1286 2871 1589 2906 confirmaverunt.
