1820 3340
235 221 315 258 160

349 338 449 376 Sunt
480 339 574 377 haec
606 339 749 377 indicia
780 339 847 377 illa
878 340 1024 388 omnia,
1058 341 1200 390 quibus
1233 341 1559 381 Wilamowitzius
1590 346 1719 393 poste-

229 409 371 447 riorem
402 413 527 448 aetate
558 410 844 459 Xenophontea
875 411 1065 460 originem
1095 411 1306 461 Apologiae
1338 414 1438 452 effici
1471 425 1587 463 posse
1617 414 1718 452 arbi-

228 483 370 518 tratur:
416 480 570 518 nullum
609 485 707 529 erat,
753 482 872 531 quod,
918 481 983 519 ubi
1016 482 1186 532 primum
1225 487 1410 522 excutere
1442 485 1720 534 coepissemus,

229 563 384 589 cassum
417 563 505 590 esse
539 564 615 589 non
647 556 862 602 appareret.
925 553 1051 591 [mmo
1073 554 1168 603 quid
1190 554 1258 592 illa
1280 559 1508 604 argumenta
1530 555 1718 601 valerent,

229 626 308 659 tam
330 626 508 672 apertum
533 623 689 672 saepius
711 627 810 672 erat,
844 627 903 672 ut,
937 624 1038 674 quod
1063 624 1186 663 nihilo
1208 625 1340 663 minus
1362 626 1519 675 singula
1539 639 1719 677 quaeque

228 696 502 743 tractaremus,
535 694 603 731 vix
634 694 710 732 nisi
740 695 823 744 ipso
845 695 1051 733 clarissimi
1074 696 1231 734 nominc
1253 696 1465 736 adversarii
1487 701 1718 736 excusatum

228 764 274 801 iri
308 765 525 813 putandum
558 768 673 803 esset.
737 766 815 804 Sed
846 766 938 804 licet
970 766 1124 815 singula
1155 767 1226 805 illa
1248 772 1478 817 argumenta
1500 781 1599 806 vana
1631 780 1718 807 esse

228 838 267 873 et
299 835 440 873 caduca
475 839 644 884 constet,
682 837 865 874 universa
896 840 1027 874 tamen
1060 839 1346 886 argumentatio
1385 851 1486 876 vana
1523 851 1601 877 non
1640 843 1717 877 est:

229 919 305 956 qua
336 906 440 944 enim
473 908 533 945 via
565 907 692 945 aliena
723 921 745 945 a
774 907 1033 957 Xenophonte
1067 909 1280 958 Apologiae
1313 909 1420 959 origo
1453 909 1720 948 convincenda

229 980 333 1015 esset
365 977 499 1016 docuit
533 1002 583 1005 —-
618 991 694 1016 non
726 979 911 1017 videlicet
943 979 1012 1027 ita,
1054 982 1098 1017 ut
1130 980 1273 1029 pusilla
1304 984 1342 1018 et
1373 980 1594 1020 minuscula
1625 981 1720 1019 haec

229 1048 297 1086 illa
335 1053 604 1098 carperentur,
640 1049 707 1087 sed
739 1050 793 1087 ita
825 1054 869 1088 ut
900 1050 939 1087 id
978 1050 1137 1088 demum
1169 1054 1249 1089 tota
1281 1055 1596 1101 argumentorum
1629 1064 1720 1090 con-

228 1120 453 1169 gregatione
491 1120 839 1159 demonstraretur:
880 1121 929 1158 ad
962 1124 1088 1160 certae
1120 1123 1323 1160 cuiusdam
1354 1122 1455 1160 alius
1487 1123 1644 1172 aetatis,
1675 1135 1721 1161 ac

228 1190 289 1227 cui
323 1191 439 1240 vulgo
470 1191 775 1241 adscriberetur,
808 1192 1058 1231 condiciones
1096 1196 1213 1243 atque
1244 1194 1414 1232 rationes
1444 1194 1612 1232 aliamve
1643 1194 1720 1232 dis-

228 1262 414 1312 ciplinam
448 1263 626 1300 libellum
665 1263 870 1312 pertinere.
934 1263 1046 1310 Quod
1079 1268 1208 1302 autem
1240 1265 1300 1302 vir
1332 1268 1464 1303 tantus
1496 1278 1588 1303 cum
1618 1265 1721 1304 hane

228 1333 353 1383 ipsam
386 1334 487 1371 viam
519 1334 670 1383 ingredi
699 1338 920 1383 conaretur,
952 1335 993 1372 in
1022 1335 1135 1373 devia
1156 1348 1349 1386 nusquam
1372 1348 1449 1374 11011
1471 1340 1531 1374 est
1553 1336 1718 1385 delatus,

229 1405 302 1442 1100
330 1405 414 1454 ipso
443 1405 555 1450 satis,
584 1406 737 1455 opinor,
770 1406 873 1444 clare
902 1406 985 1444 fieri
1014 1419 1089 1444 non
1118 1419 1234 1456 posse
1262 1407 1448 1455 ostendit,
1470 1410 1515 1445 ut
1536 1408 1592 1457 id,
1615 1407 1720 1457 quod.

228 1476 305 1525 ipsi
338 1476 494 1525 placuit,
527 1476 645 1514 certis
677 1477 918 1526 argumentis
950 1478 1180 1516 efficeretur.
1233 1478 1372 1528 Itaque
1395 1479 1462 1529 qui
1485 1479 1717 1516 contrariam

228 1547 287 1584 illi
321 1547 554 1585 sententiam
583 1548 756 1599 amplexi
780 1561 933 1596 sumus,
962 1552 1020 1586 cst
1047 1561 1118 1586 cur
1139 1550 1284 1598 gratias
1305 1550 1342 1588 01
1364 1549 1592 1588 habeamus:
1616 1562 1717 1599 nam,

230 1618 333 1667 quod
367 1630 484 1668 supra
515 1619 705 1667 diximus,
738 1619 855 1657 huius
888 1609 1042 1670 quoque
1074 1620 1163 1658 telis
1195 1621 1341 1658 frustra
1369 1621 1526 1659 emissis
1554 1621 1621 1671 qui
1643 1621 1719 1659 alia

230 1701 272 1727 se
309 1689 487 1728 invenire
526 1702 641 1740 posse
679 1690 819 1728 melius
852 1691 1015 1729 feritura
1047 1691 1222 1741 credant,
1256 1692 1323 1729 vix
1354 1692 1438 1730 fore
1470 1695 1516 1729 ut
1546 1691 1720 1730 existant

230 1772 388 1810 sperare
421 1761 524 1799 licet.

510 1877 541 1932 ξ
566 1877 639 1920 16.
694 1877 761 1920 De
794 1877 1026 1921 Wetzelio
1059 1880 1107 1921 et
1138 1878 1433 1922 Immisehio.

349 1968 423 2016 Qui
456 1969 625 2018 proximi
657 1981 678 2006 a
710 1969 821 2007 nobis
854 1970 932 2006 vim
967 1969 1178 2019 Apologiae
1209 1969 1358 2008 illatam
1387 1969 1655 2019 propulsaturi
1677 1969 1717 2007 in

230 2040 403 2077 medium
435 2040 666 2078 consociatis
698 2040 816 2077 armis
844 2040 1075 2090 prodierunt
1097 2040 1313 2079 Wetzelius
1334 2040 1665 2091 Immischiusque
1677 2039 1717 2091 ¹),

231 2124 319 2149 cum
352 2111 522 2159 pondere
550 2114 666 2161 atque
688 2112 917 2149 auctoritate
939 2111 1218 2161 disputationis
1239 2111 1344 2149 haud
1365 2124 1503 2161 parum
1526 2111 1718 2160 differant,

230 2195 274 2220 eo
311 2185 440 2220 tamen
485 2182 670 2232 aequales
716 2185 824 2230 sunt,
870 2182 972 2232 quod
1017 2182 1223 2220 universae
1267 2182 1510 2232 quaestionis
1552 2185 1718 2233 uterque

229 2265 347 2291 unam
385 2253 589 2291 dumtaxat
632 2257 781 2302 partem
816 2253 1012 2301 tractavit,
1051 2253 1114 2290 11ἰο
1152 2254 1354 2303 explorare
1388 2253 1599 2303 Apologiae
1638 2266 1717 2292 ser-

230 2336 403 2372 monem,
436 2324 502 2361 ille
535 2336 620 2361 cam
643 2336 732 2362 eum
756 2324 1065 2362 Memorabilium
1097 2324 1210 2362 initio
1243 2336 1465 2373 comparare
1499 2327 1716 2363 contentus.

236 2395 471 2443 (Yofflmtionc
515 2396 618 2432 enim
659 2408 721 2442 ea,
764 2408 861 2444 qnae
898 2395 999 2432 inter
1031 2394 1143 2444 Apol.
1176 2396 1205 2444 ἕ
1228 2396 1401 2433 11-22
1438 2399 1471 2432 et
1508 2396 1622 2434 Zlffem.
1645 2395 1715 2433 11.

234 2468 378 2508 21-3,
399 2475 545 2508 652—64
585 2465 810 2511 intercedat,
855 2467 967 2504 illarii,
1010 2479 1034 2503 α
1071 2466 1325 2516 Xenophonle
1369 2466 1420 2504 ad
1455 2467 1717 2516 commonenda

231 2538 320 2575 haece
356 2537 569 2575 adhibitam
614 2550 693 2575 esse
737 2538 883 2587 liquido
928 2538 1189 2575 demonstrari·
1231 2536 1487 2576 Wetzelius
1525 2538 1715 2588 disputat:

232 2621 325 2646 nam
375 2621 422 2646 ne
466 2621 646 2646 conversa
671 2600 843 2646 ‘ratione
888 2609 1097 2658 Apoloqiae
1140 2612 1273 2646 abactor
1324 2621 1348 2645 a
1400 2608 1716 2646 Memorabilibus

231 2691 436 2717 (1101·011111111,
467 2679 602 2728 fecisse
633 2683 848 2726 conseatur,
888 2680 1035 2717 obstare
1066 2679 1169 2728 quod
1198 2679 1255 2717 bis
1289 2679 1604 2717 Memorab‘z'libus
1635 2679 1716 2728 ipse

351 2790 385 2833 1)
412 2789 481 2822 Die
508 2788 682 2832 Apoloyz'e
707 2789 767 2823 des
794 2789 1004 2833 Xenophon.
1057 2788 1155 2822 Neue
1180 2787 1304 2822 Jahrb.
1331 2788 1357 2831 f.
1385 2788 1416 2821 cl.
1444 2788 1555 2822 Mass.
1575 2787 1713 2829 Alteri„

237 2848 361 2882 Gesclz.
393 2848 471 2882 und
502 2848 666 2882 deutsche
694 2847 780 2882 Litt.
810 2848 917 2892 1900,
951 2850 973 2881 t.
996 2848 1037 2882 V.
1073 2859 1105 2892 p.
1127 2847 1325 2882 389—405
1365 2847 1443 2891 (scr.
1476 2847 1522 2881 M.
1549 2846 1714 2890 W‘etzel),

232 2907 477 2951 1‚.-105-415
505 2908 584 2951 (scr.
613 2906 651 2941 O.
679 2907 871 2951 Immisch).
