1820 3340
264 257 317 294 36

264 384 378 423 posse
408 372 455 409 ab
488 371 567 408 illis
600 369 819 407 videantur.
877 368 1072 406 Continua
1103 368 1207 405 enim
1240 366 1493 417 paragraphis
1518 367 1635 404 1-3
1668 366 1752 404 effi-

264 443 365 481 citur
400 440 686 490 argumentatio
724 440 837 478 haec:
878 438 1074 477 ‘Socrates
1119 437 1167 475 de
1205 437 1406 476 daemonio
1437 437 1626 475 mentitus
1664 447 1752 474 esse

266 526 342 551 non
373 516 434 550 est
464 510 681 561 putandus,
720 522 812 547 nam
849 520 967 547 causa
998 521 1067 546 cur
1098 508 1347 546 daemonium
1377 507 1638 546 intercederet
1668 506 1753 545 ideo

265 595 343 621 non
371 586 469 631 erat,
502 582 593 631 quia
615 592 719 618 mors
752 580 836 618 eius
869 576 1083 633 θεοφιλὴς
1114 576 1225 628 fuit’3
1259 579 1363 628 quod
1394 578 1515 626 igitur
1546 580 1664 627 caput
1694 580 1754 615 est

265 655 388 692 totius
425 651 775 701 argumentationis
814 651 920 689 notio
953 646 1166 703 θεοφιλὴς
1202 649 1242 686 in
1280 653 1456 688 extrema
1489 648 1648 686 demum
1680 646 1752 698 §3

268 726 446 771 offertur,
496 734 616 773 quare
660 734 745 760 eam
790 721 839 759 de
883 721 1022 771 capitis
1067 720 1258 770 principio
1301 719 1492 758 revellere
1534 718 1754 768 nequimus.

267 795 435 844 Insuper
462 793 579 831 etiam
607 793 782 830 imitatae
803 791 1019 842 Apologiae
1044 790 1322 829 communitate
1343 789 1610 839 paragraphus
1632 788 1757 838 prima

268 878 357 903 cum
396 864 588 914 colloquio
628 863 798 902 Socratis
836 861 1174 912 Hermogenisque
1212 865 1411 911 tamquam
1454 860 1554 898 nodo
1591 859 1757 898 indisso-

269 935 383 973 lubili
422 935 642 983 colligatur.
710 933 862 971 Deinde
899 933 1168 983 paragraphus
1202 932 1251 970 11
1293 944 1382 969 cum
1419 930 1610 969 extremis
1648 941 1758 979 para-

270 1006 408 1056 graphi
433 1006 485 1044 10
519 1005 572 1043 ita
604 1004 872 1053 conjungitur,
909 1006 955 1042 ut
986 1015 1063 1041 non
1095 1002 1209 1041 modo
1240 1002 1358 1040 verba
1389 995 1429 1040 οἶ
1463 996 1613 1054 ἀρετῆς
1644 993 1758 1053 ἐφιέ-

270 1089 390 1127 μενοι
417 1079 593 1125 spectare
613 1075 820 1113 videantur
844 1075 892 1112 ad
920 1074 1038 1112 verba
1062 1072 1085 1124 ξ
1105 1074 1156 1112 10
1179 1066 1372 1123 βελτίους
1397 1067 1444 1110 δὲ
1470 1070 1617 1110 ποιεῖν
1642 1066 1760 1109 ἐπει-

271 1144 417 1201 ρώμην
449 1143 536 1184 κτλ.
568 1147 610 1183 in
642 1146 719 1183 fine
752 1145 934 1194 colloquii
973 1157 1049 1182 non
1094 1144 1178 1182 sine
1209 1143 1399 1193 gravitate
1443 1142 1648 1189 collocata,
1693 1140 1762 1179 sed

272 1218 389 1256 etiam
439 1220 519 1255 tota
566 1216 635 1254 issa
678 1215 888 1264 sententia,
940 1228 1017 1265 qua
1059 1214 1298 1264 colloquium
1341 1213 1588 1262 terminatur,
1632 1211 1762 1250 verbis

272 1291 470 1337 repetatur
496 1280 666 1333 δίκαιος
697 1281 743 1324 δὲ
776 1283 886 1324 ὥστε
910 1281 1124 1336 βλάπτειν
1154 1280 1232 1335 μὲν
1262 1280 1372 1338 μηδὲ
1402 1280 1556 1336 μικρὸν
1586 1277 1760 1337 μηδένα,

273 1355 455 1410 ὠφελεῖν
487 1354 534 1396 δὲ
565 1355 618 1395 τὰ
649 1352 832 1409 μέγιστα
864 1353 961 1403 τοὺς
989 1350 1228 1408 χρεομένους
1260 1350 1384 1407 αὐτῷ.
1443 1356 1573 1404 Atque
1605 1353 1762 1391 omnino

273 1430 323 1467 ad
353 1429 696 1467 conformationem
729 1428 862 1466 exitus
894 1426 1015 1465 totius
1047 1427 1176 1476 operis
1207 1426 1355 1475 aliquid
1377 1424 1563 1463 momenti
1583 1423 1763 1462 attulisse

275 1500 509 1539 crediderim
553 1510 651 1549 quae
694 1499 872 1548 proxime
909 1498 1161 1547 praecedunt,
1207 1497 1401 1546 siquidem
1438 1496 1556 1534 verba
1593 1490 1765 1547 εὐσεβὴς

276 1566 353 1621 μὲν
385 1568 518 1617 οὕτως
550 1568 660 1608 ὥστε
690 1564 823 1623 μηδὲν
855 1564 952 1607 ἄνευ
974 1573 1047 1622 τῆς
1078 1571 1162 1606 τῶν
1193 1567 1310 1606 θεῶν
1340 1563 1509 1621 γνώμης
1541 1564 1687 1604 ποιεῖν
1716 1564 1766 1602 ad

277 1642 406 1691 ipsum
451 1640 590 1690 capitis
635 1640 840 1678 exordium
879 1642 918 1677 et
955 1639 1004 1677 ad
1043 1639 1134 1689 ξΰ,
1172 1639 1291 1676 verba
1329 1632 1534 1690 ἐγκρατὴς
1574 1631 1620 1675 δὲ
1658 1633 1767 1674 ὥστε

277 1707 503 1766 μηδέποτε
541 1709 860 1762 προαιρεῖσθαι
892 1706 941 1748 τὸ
974 1706 1094 1763 ἥδιον
1127 1704 1222 1747 ἀντὶ
1254 1712 1329 1747 τοῦ
1359 1702 1576 1758 βελτίονος
1612 1707 1661 1744 ad
1694 1710 1768 1759 τῆς

278 1787 416 1835 ψυχῆς
459 1780 533 1835 τὴν
577 1778 722 1835 ῥώμην
767 1774 1093 1830 ἐπιδειξάμενος
1137 1778 1176 1832 (ξ
1202 1778 1297 1830 l)1),
1340 1779 1457 1817 verba
1493 1772 1603 1833 μηδὲ
1640 1773 1768 1816 ἄλλου

279 1848 601 1904 προσόέεσθαι,
642 1847 734 1889 ἀλλ’
773 1847 989 1905 αὖτάρκης
1027 1842 1136 1889 εἶναι
1175 1847 1287 1902 πρὸς
1317 1847 1392 1903 τὴν
1423 1845 1585 1888 τούτων
1615 1850 1769 1900 γνῶσιν

279 1925 445 1962 fortasse
477 1924 527 1961 ad
557 1927 682 1961 totum
714 1935 803 1960 cum
829 1923 1074 1971 Hermogene
1106 1921 1342 1971 colloquium
1368 1921 1550 1958 videntur
1581 1922 1768 1969 spectare.

279 1994 362 2033 Nec
393 1995 562 2044 denique
594 1993 988 2043 praetermittendum
1020 1992 1110 2040 erit,
1143 1992 1247 2042 quod
1277 1986 1446 2041 βέλτιον
1467 1994 1506 2028 et
1528 1986 1647 2043 ἣδιον
1668 1989 1771 2027 sicut

283 2066 306 2116 ς’
332 2067 354 2104 6
389 2065 505 2103 etiam
539 2063 631 2115 §11
666 2064 770 2101 inter
801 2076 843 2101 se
875 2066 1134 2113 opponuntur.

400 2136 502 2184 Ergo
546 2147 634 2173 cum
678 2135 808 2173 omnia
851 2134 954 2171 inter
998 2145 1039 2171 se
1083 2133 1334 2180 cohaereant,
1378 2135 1444 2169 aut
1486 2135 1612 2169 totum
1655 2133 1771 2180 eaput

282 2207 512 2245 damnemus
560 2217 725 2243 necesse
768 2208 828 2243 est
872 2208 939 2242 aut
983 2204 1279 2253 comprobemus
1323 2206 1458 2242 totum.
1532 2203 1585 2240 At
1626 2201 1771 2251 primas

282 2277 540 2326 ultimamque
584 2276 865 2325 paragraphos‚
910 2278 954 2312 ut
997 2287 1114 2324 supra
1151 2274 1338 2321 vidimus,
1383 2274 1452 2310 vix
1494 2273 1610 2310 multi
1648 2274 1771 2320 erunt,

284 2347 351 2397 qui
395 2346 644 2396 Xenophonti
694 2346 843 2395 eripere
893 2345 1072 2383 audeant.
1153 2344 1203 2382 Et
1252 2347 1332 2382 toto
1382 2344 1509 2393 capite
1558 2342 1772 2392 improbato

286 2430 497 2468 quemnam
534 2418 651 2455 finem
689 2416 787 2455 libro
826 2429 896 2454 suo
933 2415 1170 2466 imposuisse
1207 2415 1411 2453 credemus
1448 2412 1772 2464 Xenophontem?

285 2490 349 2527 An
386 2500 478 2526 vero
515 2488 659 2525 librum
698 2487 809 2537 quasi
847 2499 979 2535 arena,
1018 2490 1062 2524 ut
1099 2486 1253 2535 dicunt,
1290 2485 1439 2523 hauriri
1475 2497 1565 2523 eum
1603 2483 1773 2522 voluisse

286 2559 585 2597 existimemus?
646 2558 748 2596 Nam
785 2557 1018 2607 Apologiam
1055 2557 1095 2594 in
1134 2557 1273 2606 capitis
1311 2556 1480 2595 extremi
1517 2556 1648 2594 locum
1685 2555 1773 2593 sub-

287 2629 396 2668 stitui
428 2641 503 2667 non
536 2640 652 2678 posse
684 2628 790 2666 haud
821 2640 920 2678 opus
951 2631 1012 2666 est
1042 2639 1275 2666 asseverare.

409 2745 442 2785 1)
469 2743 677 2777 Evidentior
708 2743 813 2777 etiam
845 2752 901 2776 res
934 2742 1000 2776 erit
1024 2741 1054 2776 si
1086 2741 1290 2776 meminen's
1321 2740 1430 2775 verba
1455 2739 1660 2785 Apologiae:
1692 2739 1775 2772 ἐπε-

289 2802 430 2839 δείξατο
464 2802 501 2835 δὲ
535 2807 595 2844 τῆς
629 2807 746 2846 ψυχῆς
777 2801 841 2843 τὴν
873 2801 1015 2847 ῥώμην·
1051 2800 1128 2834 ἐπεὶ
1156 2800 1226 2846 γὰρ
1252 2799 1344 2843 ἔγνω
1369 2805 1436 2832 τοῦ
1461 2799 1513 2832 ἔτι
1539 2799 1599 2841 ζῆν
1625 2799 1665 2832 τὸ
1692 2800 1775 2831 τεθ-

289 2862 397 2894 νάναι
424 2861 524 2908 αὐτῷ
547 2863 754 2905 κρεῖττον
779 2859 888 2900 εἶναι,
916 2858 1038 2903 ὥσπερ
1066 2858 1148 2892 οὐδὲ
1169 2859 1260 2904 πρὸς
1283 2859 1393 2891 τᾶλλα
1417 2857 1594 2901 τάγαθὰ
1613 2857 1774 2903 προσάν-

288 2932 350 2962 της
375 2918 428 2961 ἦν,
456 2919 539 2952 οὐδὲ
567 2920 658 2964 πρὸς
683 2919 746 2952 τὸν
771 2920 938 2952 θάνατον
963 2918 1287 2964 ἐμαλακίσατο.
