1820 3340
1472 275 1525 312 35

43 396 133 423 cum
154 384 269 422 Mem.
295 384 318 435 ξ
341 385 367 422 4
394 385 523 434 extr),
556 386 727 435 itemque
750 386 1029 424 constructioni
1050 387 1245 425 audaciori
1268 388 1379 426 solita
1412 389 1450 440 (ξ
1473 391 1526 437 4).

41 454 248 492 Hominem
280 454 448 504 denique
478 455 658 493 videmus
681 455 891 494 Caesareae
924 456 1127 494 cuiusdam
1158 457 1207 495 de
1238 458 1369 496 verbis
1400 471 1526 507 curae,

42 528 87 562 ut
123 525 343 562 mirandum
383 525 450 572 sit,
489 526 593 574 quod
631 525 692 576 §1
733 526 886 575 poetice
924 522 1232 575 ἅχθεινότατον
1269 528 1421 566 dicatur
1456 542 1526 579 pro

39 591 347 644 χαλεπώτατον
377 595 591 644 Apologiae
625 596 664 645 (ξ
689 595 812 646 32).1)

161 664 403 715 Quamquam
434 665 530 703 haec
560 666 727 704 fortasse
758 666 980 704 devorabis:
1014 667 1138 705 multo
1170 669 1368 716 graviores
1394 673 1526 708 autem

42 747 109 774 eae
153 739 244 774 sunt
286 736 541 783 mutationes,
586 748 685 785 quae
723 737 786 774 vel
825 737 1040 786 Apologiae
1077 739 1195 776 verba
1245 740 1291 777 ab
1334 740 1526 779 imitatore

41 818 178 855 parum
218 806 301 843 sive
337 817 543 855 perperam
580 806 779 844 intellecta
816 818 903 844 esse
938 807 1156 855 significare
1189 808 1386 858 videntur,
1425 811 1528 849 sicut

43 876 127 914 eius
170 875 364 925 imprimis
402 876 478 914 loci
517 877 697 924 mutatio,
741 877 807 914 ubi
846 877 894 914 de
931 877 1139 916 Palamede
1179 890 1305 917 sermo
1343 883 1419 928 est,
1464 881 1527 919 vel

43 947 269 995 scriptorem
297 946 464 995 produnt
487 946 604 994 longe
635 950 680 984 ut
711 946 867 984 videtur
899 951 1092 985 remotum
1124 961 1146 986 a
1178 949 1428 998 simplicitate
1458 951 1527 989 illa

42 1016 327 1066 Xenophontea
359 1015 472 1067 (quae
505 1017 663 1066 quidem
693 1017 733 1054 in
756 1017 946 1066 Apologia
973 1017 1094 1067 spirat
1120 1019 1244 1057 sicubi
1270 1020 1381 1070 alias)
1414 1033 1526 1059 accu-

40 1087 325 1137 ratissimisque
380 1087 698 1125 distinctionibus
747 1087 886 1136 logicis
936 1091 974 1125 et
1025 1089 1246 1138 sophisticis
1302 1090 1525 1130 hariolatio-

40 1158 156 1196 nibus
168 1156 196 1207 2)
229 1169 271 1195 se
302 1158 573 1195 delectantem.

158 1228 292 1266 Nihilo
335 1231 465 1266 tamen
507 1228 635 1266 secius
673 1228 787 1267 valde
831 1228 963 1267 dubito
1007 1229 1175 1269 liceatne
1214 1235 1332 1280 caput
1367 1232 1466 1270 illud
1504 1245 1526 1271 a

40 1298 298 1348 Xenophonte
346 1298 577 1336 abiudicare.
657 1298 796 1348 Neque
851 1299 955 1337 enim
1005 1300 1086 1337 ulla
1136 1304 1195 1338 est
1250 1302 1366 1349 ratio,
1425 1315 1524 1352 quae

40 1372 191 1418 praeter
220 1367 270 1420 ἓξ
295 1369 443 1407 3-10
476 1368 583 1406 aliud
614 1368 826 1418 quidquam
853 1373 1080 1419 suspectum
1103 1371 1257 1420 reddat3
1290 1376 1406 1422 atque
1428 1373 1524 1411 adeo

40 1439 243 1478 exordium
275 1439 414 1488 capitis
446 1439 654 1488 exitusque
686 1439 859 1488 speciem
891 1452 983 1489 prae
1015 1452 1057 1478 se
1088 1441 1220 1479 ferunt
1251 1442 1365 1491 plane
1395 1443 1525 1481 Xeno-

38 1510 266 1560 phonteam:
302 1509 477 1547 conferas
510 1521 607 1559 quae
639 1521 757 1558 supra
788 1509 837 1547 de
867 1510 1139 1559 Xenophontis
1177 1513 1525 1551 consuetudinibus

40 1583 80 1618 et
117 1580 311 1618 institutis
355 1579 544 1627 diximus,
588 1579 954 1630 animadvertasque
998 1581 1038 1618 in
1077 1581 1175 1630 §11
1211 1594 1323 1620 voces
1362 1579 1522 1636 ὠφελι-

39 1647 238 1700 μώτατον
270 1654 309 1688 et
340 1646 531 1703 ὠφελεῖν,
571 1653 687 1700 atque
719 1650 846 1699 primo
883 1651 985 1688 inter
1015 1652 1183 1690 virtutes
1217 1652 1390 1691 Socratis
1422 1654 1524 1703 posi-

39 1726 118 1759 tam
149 1721 233 1759 loco
272 1716 499 1771 εὗσέβειαν.
562 1721 669 1758 Haec
700 1720 836 1769 igitur,
875 1722 952 1759 nisi
990 1723 1230 1772 praescripta
1268 1727 1414 1762 temere
1453 1725 1523 1762 mi-

41 1803 152 1840 grare
183 1791 424 1829 voluerimus
463 1792 621 1830 criticae
654 1804 768 1831 sanae
811 1793 1039 1843 rationeque
1082 1805 1127 1831 ac
1164 1794 1228 1831 via
1265 1795 1522 1844 procedentis,

39 1861 166 1900 aliena
197 1873 357 1899 censere
390 1873 636 1911 summopere
667 1863 925 1911 gravabimur.
988 1864 1109 1913 Atqui
1141 1867 1182 1901 et
1213 1876 1302 1902 cum
1340 1865 1452 1903 initio
1484 1870 1524 1904 et

41 1944 131 1970 cum
162 1932 272 1970 exitu
306 1931 358 1983 ἐξ
383 1933 531 1971 3-10
564 1933 618 1970 ita
650 1944 820 1972 conexae
853 1937 962 1982 sunt,
1001 1933 1110 1971 nullo
1140 1937 1185 1971 ut
1216 1938 1328 1983 pacto
1361 1935 1524 1974 dissolvi

159 2106 193 2149 1)
219 2105 290 2140 Ubi
323 2107 439 2140 nescio
472 2106 555 2150 quid
586 2105 688 2140 obiici
720 2106 846 2150 possit,
880 2106 910 2140 si
942 2106 1112 2150 1)0eticam
1144 2106 1241 2141 illam
1266 2117 1391 2142 vocem
1418 2108 1522 2143 etiam

40 2165 74 2198 in
100 2164 271 2210 Apologia
297 2164 380 2199 olim
406 2165 514 2199 fuisse
541 2166 575 2199 et
600 2165 635 2198 in
660 2165 902 2200 Memorabilia
927 2165 1007 2200 hinc
1033 2165 1239 2201 translatam
1266 2176 1361 2211 esse,
1395 2167 1522 2212 glosse-

39 2225 131 2258 mate
157 2234 241 2258 vero
261 2225 525 2268 χαλεπώτατον
550 2224 666 2258 addito
692 2225 775 2258 sede
801 2235 865 2259 sua
891 2226 1022 2258 motam
1049 2235 1125 2259 esse
1152 2225 1357 2269 sumpseris.

155 2282 191 2326 2)
226 2282 275 2316 Cf.
307 2282 493 2326 praecipue
525 2283 585 2326 ἓξ)
619 2285 671 2327 ῃεῖ
701 2284 770 2328 γὰρ
802 2283 844 2316 τὸ
876 2282 1013 2316 ἀδικεῖν
1046 2284 1195 2328 αἰσχρόν
1225 2284 1317 2326 ἐστι,
1351 2291 1428 2323 πῶς
1459 2285 1524 2318 οὐκ

40 2342 188 2386 αἰσχρὸν
213 2343 274 2375 καὶ
299 2342 339 2374 τὸ
367 2341 498 2379 ἀδίκως
523 2343 647 2375 ὁτιοῦν
673 2343 835 2384 ποιεϊν“;
862 2342 961 2376 cuius
987 2341 1055 2376 loci
1080 2353 1146 2376 nec
1172 2342 1305 2386 prolata
1329 2345 1384 2377 est
1409 2343 1524 2378 adhuc

39 2399 174 2435 medela
211 2400 398 2444 probabilis
441 2411 505 2434 nec
541 2401 681 2434 omnino
725 2401 970 2444 temptandum
1009 2411 1091 2434 eum
1129 2411 1207 2435 esse
1250 2401 1381 2445 (minus
1419 2403 1522 2437 etiam

39 2459 243 2493 eiiciendam
280 2460 387 2493 totam
425 2459 649 2502 sententiam)
688 2458 846 2493 arbitror.
881 2480 924 2484 -
962 2459 1197 2494 Contulerunt
1234 2471 1315 2494 cum
1345 2460 1412 2495 ista
1443 2471 1522 2495 sen-

37 2517 149 2552 tentia
173 2518 194 2561 ξ
212 2518 234 2551 3
263 2520 304 2561 Ώῆ
329 2521 438 2556 ποῖος
463 2519 507 2550 ἂν
524 2520 577 2560 εἴη
595 2519 758 2556 θάνατος
774 2519 928 2550 καλλίων
946 2520 965 2559 ἢ
986 2517 1027 2550 ὃν
1044 2519 1215 2551 κάλλιστά
1232 2531 1285 2557 τις
1309 2519 1520 2552 ἀποθάνοι“

39 2576 138 2621 quasi
163 2576 324 2610 eiusdem
348 2576 437 2611 haec
464 2575 641 2620 qualitatis
668 2576 729 2619 sit3
756 2576 900 2617 iniuria,
927 2576 1065 2620 opinor:
1093 2586 1175 2610 nam
1201 2587 1272 2611 non
1297 2577 1390 2611 idem
1418 2577 1522 2621 plane

37 2635 180 2670 videtur
211 2635 348 2669 (luobus
381 2635 578 2669 sententiae
609 2634 779 2669 membris
812 2634 972 2678 exprimi.
1029 2635 1157 2669 Latere
1196 2635 1290 2669 enim
1321 2636 1523 2679 putaverim

39 2694 104 2728 sub
128 2694 206 2729 istis
229 2694 349 2729 verbis
374 2693 642 2737 quaternionem
668 2704 773 2737 quem
797 2693 899 2738 logici
924 2693 1047 2727 dicunt
1071 2693 1320 2737 terminorum,
1348 2694 1523 2738 siquidem

37 2752 124 2787 illud
149 2754 318 2786 κάλλιστα
342 2754 551 2787 ἀποθανεῖν
581 2753 625 2786 ad
656 2752 836 2786 hominem
859 2752 1070 2786 morientem
1094 2752 1241 2796 eiusque
1266 2754 1346 2786 ante
1370 2754 1522 2788 mortem

41 2813 76 2846 et
105 2812 141 2845 in
174 2812 250 2856 ipso
281 2812 405 2846 mortis
438 2811 642 2846 discrimine
674 2812 769 2846 facta
800 2811 1039 2845 revocandum
1072 2812 1142 2853 est,
1176 2813 1331 2844 καλλίων
1361 2822 1446 2846 vero
1477 2812 1522 2846 ad

38 2872 189 2905 mortem
219 2870 332 2915 ipsam
362 2881 427 2915 per
458 2881 496 2905 se
528 2871 722 2914 spectatam
755 2869 869 2914 (velut
898 2880 994 2904 mors
1025 2880 1088 2913 pro
1119 2869 1233 2913 patria
1263 2870 1419 2914 oppetita
1443 2870 1521 2914 pul-

40 2929 215 2964 cherrima
233 2940 298 2973 per
315 2939 353 2964 se
371 2929 549 2975 vocatur);
576 2940 664 2973 quae
682 2929 827 2963 minime
846 2928 970 2962 eadem
990 2939 1067 2963 esse
1085 2929 1181 2973 piget
1198 2928 1370 2972 exemplis
1386 2929 1521 2963 docere.

1263 2999 1309 3033 3*
