1820 3340
270 229 324 268 64

266 347 348 384 fore
385 348 429 383 ut
466 347 685 383 occurreret
722 343 867 381 credas.
937 342 1014 381 Sed
1059 341 1157 379 nihil
1199 341 1388 391 ejusmodi
1434 340 1619 386 occurrit;
1664 351 1757 378 nam

266 428 366 467 quae
399 416 447 454 de
478 415 600 464 Anyti
637 415 717 452 filio
748 414 957 452 traduntur
994 413 1095 451 alius
1134 412 1288 461 generis
1326 424 1413 450 esse
1452 412 1557 450 infra
1594 411 1756 460 probare

268 499 331 525 me
362 498 478 536 posse
511 497 637 535 spero.

389 581 489 619 Cum
521 579 644 630 igitur
675 591 770 617 suus
803 578 993 627 cuiusque
1026 577 1107 615 fere
1133 576 1272 615 aetatis
1304 580 1348 614 ut
1380 576 1504 624 signis
1526 575 1579 614 ita
1601 575 1758 625 scriptis

264 663 425 702 rquoque
470 651 522 688 sit
562 646 794 702 χαρακτήρ,
839 661 949 696 eum,
993 659 1111 697 quem
1154 647 1344 696 Apologia
1386 646 1566 694 exhibet,
1614 645 1758 684 saeculi

269 722 397 772 quarti
428 721 529 771 parti
560 720 680 770 priori
702 720 818 758 unice
841 718 1048 757 convenire
1080 717 1398 756 existimaverim.
1451 717 1597 755 Eodem
1629 720 1760 754 autem

269 792 384 830 modo
415 796 532 842 atque
564 803 634 829 nos
665 791 847 828 affectum
879 801 965 827 esse
997 788 1182 826 universa
1213 788 1337 826 libelli
1358 788 1524 839 ratione,
1556 787 1649 825 licet
1682 787 1760 824 sin-

270 864 363 912 gula
393 863 513 900 huius
541 861 681 911 judicii
703 864 900 898 momenta
923 872 1002 897 non
1024 859 1294 909 explicaverit,
1329 859 1508 896 videmus
1532 857 1761 905 Grotium1),

271 934 339 984 qui
370 934 470 971 hanc
501 933 550 970 de
582 945 626 970 eo
659 931 894 970 sententiam
925 931 1017 968 fert:
1058 930 1187 978 „This
1218 929 1310 967 little
1333 929 1440 978 pieee
1471 929 1578 966 bears
1614 940 1639 966 a
1675 940 1763 977 very

272 1016 479 1042 erroneozts
512 1003 590 1041 title
621 1002 702 1040 ancl
730 1015 822 1051 may
846 1001 1023 1051 possibly
1054 1004 1121 1039 not
1153 1000 1193 1038 be
1225 1000 1284 1037 the
1315 998 1574 1049 composition
1611 998 1661 1048 of
1684 998 1763 1036 Xe-

271 1075 447 1125 nophon,
480 1087 525 1112 as
557 1074 615 1111 the
650 1076 947 1111 commentatore
976 1071 1170 1121 yenerally
1201 1071 1362 1120 afffirm;
1397 1070 1461 1108 but
1492 1070 1523 1107 ‘lt
1554 1069 1626 1107 has
1656 1081 1764 1118 every

272 1158 508 1195 appearance
546 1145 595 1194 of
626 1144 735 1193 being
773 1157 797 1181 a
834 1143 941 1181 work
978 1143 1027 1192 of
1059 1142 1118 1179 the
1157 1142 1288 1180 time.“
1349 1141 1612 1190 Interpretum
1645 1140 1765 1189 igitur

273 1219 425 1254 tantum
458 1215 680 1253 auctoritati
712 1214 917 1252 cedentem
956 1213 1004 1251 de
1035 1213 1248 1262 Apologiae
1280 1212 1431 1260 origine
1463 1223 1555 1249 eum
1586 1210 1763 1249 dubitare

273 1290 454 1339 apparet3
488 1286 591 1336 quod
622 1288 754 1323 autem
786 1284 908 1322 nihilo
941 1283 1071 1321 minus
1109 1283 1226 1321 aetati
1263 1282 1537 1332 Xenophontis
1574 1294 1661 1320 eam
1696 1281 1764 1319 ad-

275 1357 426 1405 scribit,
459 1369 555 1394 num
586 1355 875 1404 neglegendum
908 1354 1135 1404 putabimus
1165 1353 1358 1402 judicium
1379 1353 1453 1390 viri
1485 1364 1615 1390 rerum
1648 1351 1766 1390 Grae-

267 1441 407 1467 carum
440 1427 720 1466 existimatoris
752 1430 831 1464 tam
864 1425 1100 1474 singularis?
1161 1423 1435 1474 Xenophontis
1471 1426 1603 1461 autem
1639 1426 1767 1460 aetate

276 1499 461 1537 falsarius
498 1498 632 1536 nescio
677 1497 766 1547 quis
809 1496 936 1546 ipsius
980 1495 1208 1545 aequalibus
1245 1496 1444 1544 imponere
1481 1496 1643 1532 conatus
1681 1505 1767 1532 esso

275 1583 352 1608 non
398 1569 512 1607 modo
555 1568 662 1607 credi
705 1567 857 1617 nequit,
909 1567 979 1605 sed
1029 1579 1078 1604 ne
1122 1578 1239 1604 causa
1289 1565 1448 1615 quidem
1491 1569 1574 1603 erat
1616 1576 1686 1602 cur
1727 1564 1767 1602 id

271 1640 408 1679 conari
440 1640 482 1677 in
513 1643 685 1677 mentem
717 1639 753 1676 ei
785 1637 952 1676 veniret:
985 1649 1031 1675 ea
1062 1640 1166 1675 certe
1198 1637 1238 1674 in
1270 1648 1361 1674 eum
1384 1648 1459 1674 non
1481 1635 1659 1683 cadebat,
1692 1647 1768 1685 qua

280 1712 529 1762 potissimum
560 1711 718 1748 adducti
750 1709 987 1759 posteriores
1018 1708 1117 1746 illud
1143 1708 1284 1746 fecisse
1305 1708 1505 1755 videntur,
1538 1719 1656 1756 quam
1678 1718 1768 1744 cau-

278 1794 361 1820 sam
400 1781 594 1831 Bergkius
638 1780 754 1832 (Hist.
783 1780 874 1818 Litt.
904 1779 1037 1818 Graec.
1060 1779 1080 1817 I
1108 1791 1144 1828 p.
1170 1779 1271 1826 250,
1302 1778 1385 1816 ‘243
1408 1780 1454 1826 s.)
1492 1777 1642 1826 detegit
1678 1789 1766 1815 cum

278 1852 391 1890 dicit:
455 1853 637 1900 „Ferrzer
685 1852 827 1889 lconnte
870 1851 1013 1899 Betruy
1062 1850 1127 1887 der
1169 1848 1494 1887 versehtedensten
1544 1849 1617 1886 Art
1665 1847 1768 1885 nieht

278 1923 514 1969 ausblelben,
559 1923 608 1960 (Ia
651 1922 710 1960 (lie
752 1921 951 1960 Vorsteher
996 1921 1061 1958 cler
1102 1932 1265 1969 yrossert
1296 1919 1578 1965 Bibliothekert,
1623 1918 1775 1967 darauf

279 1994 452 2040 bedaeht,
485 1994 568 2031 ihre
593 1992 879 2042 Sammlunqen
900 1992 1041 2029 ‘lmmer
1062 1991 1171 2029 mehr
1191 2003 1246 2028 zu
1265 1990 1628 2038 vervollstassrzdiyen,
1652 1989 1769 2039 jeden

279 2077 404 2102 neuen
430 2064 620 2101 Zuwaehs
650 2063 834 2113 freiyebtg]
865 2062 1072 2100 bezalzlten.
1124 2061 1339 2099 Namenlos
1360 2060 1595 2109 iiberlteferte
1620 2059 1769 2108 Schrif-

281 2139 360 2182 ten,
394 2135 507 2172 deren
538 2148 576 2172 es
602 2134 725 2172 sicher
746 2133 853 2171 nieht
873 2133 1019 2181 weniye
1047 2133 1140 2181 yab,
1177 2131 1466 2169 Geriehtsredert
1486 2144 1561 2169 ron
1583 2131 1769 2169 obscurem

281 2206 370 2244 ocler
410 2205 593 2254 yc'tnzlz’eh
629 2205 902 2242 zmbelcannten
945 2203 1227 2252 Loyoyrapherz
1269 2203 1451 2251 verfasst,
1498 2193 1770 2250 Ubartysreden

281 2289 355 2314 aas
392 2277 465 2314 den
502 2275 870 2321 Rlzetorenseltulen,
920 2273 1272 2323 Aufzez'elmurtqen
1316 2273 1417 2310 nach
1454 2272 1526 2310 dero
1562 2272 1771 2321 Vortrc'tyen

282 2347 498 2384 bertthmter
529 2346 789 2395 Philosophen
820 2358 859 2382 u.
874 2358 904 2383 s.
919 2357 965 2382 w.
999 2356 1129 2381 waren
1165 2344 1236 2392 fttr
1266 2343 1389 2381 solelze
1421 2342 1668 2380 litterartsehe
1699 2342 1770 2380 Be-

283 2417 497 2466 trt’lqereiert
528 2417 729 2454 besonders
757 2416 965 2465 yeeiyrzet.“

403 2511 540 2560 Itaque
579 2511 652 2548 hac
683 2510 731 2548 de
762 2513 937 2558 tempore
968 2508 1182 2558 Apologiae
1221 2508 1465 2557 quaestione,
1511 2507 1613 2557 quod
1644 2507 1771 2545 adhuc

284 2581 554 2630 cognovimus,
587 2592 748 2630 prorsus
780 2580 1040 2618 confirmatur.

407 2803 440 2844 1)
467 2801 590 2843 Grote,
617 2804 648 2835 A
673 2800 812 2844 history
836 2800 873 2834 of
897 2799 1046 2842 Greeoe,
1075 2798 1162 2833 VIII
1181 2798 1259 2833 641.
