1820 3340
220 251 272 288 92

218 366 390 406 Graecae
421 367 604 416 scientia,
637 366 707 405 sed
738 361 920 416 ἀτεχνῶς
951 366 998 405 de
1020 366 1119 404 bona
1139 365 1216 404 fide
1240 365 1460 416 iudicioque
1481 365 1706 415 incorrupto

216 438 361 487 ambigi
392 437 591 476 interdum
623 436 786 487 posse.1)

336 508 456 558 Atqui
477 507 657 546 floruisse
678 510 829 546 constat
845 507 1011 546 eundem
1027 506 1311 545 Schneiderum
1333 507 1437 557 apud
1457 507 1590 545 doctos
1613 518 1705 545 suae

215 578 354 617 aetatis
386 578 500 616 laude
531 578 635 616 haud
668 577 865 616 mediocri.

655 691 687 747 ξ
710 692 754 735 5.
806 691 875 734 Dc
908 691 1258 735 Bornemanno.

335 776 602 816 offensionum
635 776 1031 815 Schneiderianarum
1062 775 1201 814 levitas
1241 788 1312 826 per
1349 788 1391 814 se
1428 776 1528 825 ipsa,
1566 779 1611 814 ut
1652 776 1704 813 vi-

215 847 326 896 disti,
357 847 594 886 refutatione
627 847 696 884 vix
728 847 845 896 digna
876 850 1051 884 nostram
1083 847 1296 885 orationem
1328 859 1372 884 eo
1399 847 1530 884 minus
1552 846 1705 885 deside-

213 919 340 968 rabat,
373 918 477 968 quod
510 918 887 966 Bornemannus,
920 917 988 967 qui
1019 917 1279 966 patrocinium
1311 917 1524 967 Apologiae
1546 929 1704 967 suscep-

215 990 327 1027 turus
359 992 448 1038 post
481 988 765 1027 Schneiderum
798 988 837 1026 in
869 988 1072 1038 pulverem
1103 987 1266 1037 prodiit,
1304 988 1353 1025 ad
1386 988 1561 1037 singulas
1598 987 1705 1036 large

212 1059 416 1109 respondit
459 1060 499 1096 in
542 1060 859 1097 annotationibus
902 1059 952 1096 ad
989 1058 1219 1108 Apologiam
1264 1058 1481 1109 scriptis2),
1527 1070 1704 1097 summae

212 1130 439 1180 diligentiae
471 1131 683 1180 tiberisque
715 1130 945 1168 eruditionis
978 1129 1222 1168 documentis
1260 1130 1327 1168 sed
1360 1142 1429 1179 pro
1461 1142 1565 1168 more
1596 1129 1704 1167 illius

211 1202 353 1239 aetatis
402 1201 606 1239 latissimis
655 1201 850 1251 nugisque
892 1213 937 1239 ac
981 1200 1206 1251 quisquiliis
1250 1200 1465 1252 oneratis.3)
1539 1200 1704 1238 Addidit

334 1328 368 1371 1)
395 1328 451 1361 An
472 1328 563 1362 iusto
584 1328 743 1362 severius
770 1327 914 1361 videbor
939 1327 1108 1361 iudicium
1134 1327 1259 1361 tulisse
1286 1327 1316 1361 si
1334 1326 1533 1371 contuleris,
1553 1337 1642 1372 quae
1660 1328 1703 1362 ad

211 1386 320 1420 verba
346 1385 447 1430 Apol.
464 1386 507 1420 32
535 1387 621 1433 ἐμοὶ
645 1387 716 1432 μὲν
743 1383 810 1419 οὖν
835 1388 907 1420 κτλ.
941 1387 1100 1429 adnotat,
1133 1397 1215 1420 cum
1247 1386 1408 1421 editionis
1441 1386 1628 1430 primariae
1660 1386 1703 1420 de

212 1446 337 1479 ecdem
362 1445 437 1480 loco
464 1449 546 1480 ncta
572 1445 705 1490 (literas
731 1445 877 1480 distrahi
903 1445 977 1489 ipse
1004 1445 1120 1489 iussi):

329 1504 364 1537 in
391 1504 443 1538 ed.
472 1506 661 1538 retractata
1150 1504 1185 1538 in
1212 1505 1265 1539 ed.
1294 1504 1407 1549 prima

261 1562 444 1596 ‘Tertiam
471 1563 566 1597 reclit
591 1563 778 1607 ineptus
925 1563 1032 1597 ‘Vide
1059 1574 1171 1607 quam
1196 1562 1451 1607 niaynifice
1482 1565 1521 1596 et
1551 1562 1702 1596 verbis

213 1621 414 1666 scriptor
445 1622 493 1655 acl
518 1622 670 1656 eandem
696 1633 777 1656 sen-
852 1625 890 1656 et
915 1633 960 1656 re
986 1625 1115 1656 auctor
1139 1622 1298 1655 dixerit:
1332 1622 1417 1668 ἐμοὶ
1447 1621 1519 1667 μὲν
1552 1618 1619 1654 οὖν

213 1680 379 1715 tentiam.
422 1680 779 1715 Seclvolnitreclclere
852 1682 916 1722 τὴν
942 1682 1078 1727 ῥώμην.
1136 1681 1270 1714 Contra
1295 1692 1407 1724 qnam
1434 1680 1558 1714 ieiune
1584 1683 1616 1714 et
1641 1679 1702 1714 in-

213 1740 332 1774 locum
372 1739 626 1784 Xenophontis
670 1740 777 1774 illem.
851 1743 927 1784 epte
959 1740 1093 1783 loquax
1128 1739 1370 1783 interpolator
1401 1739 1699 1773 illenzorabilinm

211 1798 365 1836 IVSJ'.
851 1801 933 1832 sect.
960 1799 995 1832 3.
1022 1800 1083 1831 καὶ
1116 1805 1193 1836 πῶς
1225 1800 1270 1830 ἄν
1301 1811 1353 1836 τις
1384 1800 1532 1832 κάλλιον
1644 1798 1702 1832 εὐ-

852 1857 1163 1903 δαιμονεστάτου,·
1189 1868 1281 1901 quae
1306 1857 1473 1901 sophista
1491 1857 1634 1901 aliquis
1654 1868 1703 1891 ex

851 1916 1066 1950 modestis
1085 1916 1190 1950 illis
1215 1919 1255 1950 et
1272 1915 1578 1960 simplicitate
1595 1916 1702 1961 ipsa

850 1975 1126 2019 niaynificis
1153 1975 1365 2009 imitatione
1396 1975 1523 2019 inepta
1554 1986 1700 2020 expres-

850 2034 946 2068 sisse
971 2037 1004 2068 ct
1030 2034 1074 2068 in
1099 2034 1225 2068 maius
1251 2045 1345 2068 vano
1377 2037 1512 2068 conatu
1537 2034 1701 2069 extollere

851 2093 1009 2127 voluisse
1042 2093 1197 2127 videtur.
1248 2092 1422 2127 Indicant
1453 2093 1520 2137 qui
1549 2104 1700 2127 sensum

850 2151 986 2186 hamam
1000 2163 1126 2185 reram
1140 2164 1164 2186 a
1177 2155 1315 2185 notiora
1323 2151 1698 2196 inyenitumhabent’.

329 2210 364 2254 2)
390 2210 552 2254 Xenopli.
574 2210 719 2245 Conviv.
746 2213 778 2244 et
806 2211 905 2245 Socr.
926 2210 1031 2255 Apol.
1058 2222 1082 2245 a
1106 2210 1198 2244 Xen.
1226 2211 1330 2255 ciclyo
1349 2210 1576 2245 abiudicata.
1616 2211 1697 2245 Rec.

209 2272 241 2303 et
274 2268 427 2313 interpr.
460 2273 512 2303 est
538 2269 588 2303 M.
616 2269 720 2303 Fricl.
749 2270 840 2313 Any.
868 2269 1123 2311 Bornemann,
1161 2269 1324 2303 illustris
1355 2269 1499 2304 scholae
1531 2269 1699 2313 Afranae

205 2328 303 2372 prof.
331 2332 497 2372 quartus.
549 2329 643 2373 Lips.
665 2328 765 2363 1824.
819 2329 876 2373 [Et
908 2329 1016 2364 Conv.
1054 2331 1089 2363 et
1120 2329 1220 2373 Apol.
1248 2329 1353 2363 etiam
1384 2329 1575 2373 separatim
1608 2329 1700 2363 edita

210 2388 314 2432 sunt]
365 2387 554 2432 Apologiae
568 2390 690 2422 textus
704 2388 840 2432 paginis
856 2389 873 2421 7
886 2388 926 2433 lt?
949 2388 1258 2432 comprehenditur
1277 2390 1323 2432 (p.
1339 2387 1474 2433 2—9);
1501 2390 1699 2432 sequuntur

209 2447 471 2489 commentatio,
499 2447 556 2480 cui
575 2447 684 2481 index
703 2448 756 2480 est
775 2446 956 2491 Apoloyia
970 2446 1206 2491 Xenophonti
1218 2447 1471 2487 adiudicatum
1499 2449 1534 2481 et
1553 2451 1698 2481 annota-

208 2504 339 2546 tiones,
366 2505 509 2549 paginas
535 2505 646 2539 multo
672 2506 884 2549 angustioris
909 2505 1128 2540 litteraturae
1149 2505 1210 2540 illa
1229 2506 1273 2540 20
1300 2512 1346 2551 (p.
1365 2506 1535 2550 10-29),
1561 2506 1626 2540 hae
1651 2505 1697 2540 50

209 2564 255 2607 (p.
271 2563 425 2606 30-79)
453 2563 648 2608 explentes.

326 2623 362 2666 3)
389 2622 610 2667 Quamquam
638 2623 719 2667 quid
746 2623 984 2658 Schneiderus
1011 2623 1120 2657 vellet
1145 2622 1231 2658 locis
1258 2624 1467 2668 quibusdam
1494 2633 1617 2667 parum
1643 2622 1696 2656 in·

208 2680 360 2722 tellexit,
387 2682 502 2715 minus
527 2682 678 2716 fortasse
704 2684 798 2717 recte
824 2682 1001 2717 interdum
1020 2693 1101 2717 eum
1117 2683 1309 2726 redarguit,
1336 2682 1400 2717 sibi
1421 2682 1487 2726 ipsi
1506 2692 1575 2715 non
1594 2680 1696 2726 plane

208 2740 394 2783 satisfecit3
421 2741 463 2774 cf.
484 2741 593 2784 ipsius
610 2741 653 2774 de
673 2741 737 2775 hac
756 2742 852 2785 parte
872 2741 1055 2775 iudicium:
1085 2741 1179 2775 ‘Hoc
1199 2745 1333 2783 tamen,
1354 2740 1438 2775 nisi
1454 2740 1577 2784 fallor,
1598 2739 1697 2774 milii

207 2802 420 2833 consecutus
435 2810 509 2833 esse
523 2799 656 2840 videor,
677 2803 718 2833 nt
737 2811 779 2834 ex
799 2799 1050 2844 qaadrayinta
1063 2799 1228 2844 amplius
1244 2799 1344 2841 locis,
1364 2799 1407 2833 in
1421 2799 1554 2844 quibus
1568 2799 1695 2833 adrer-

207 2857 336 2891 sarins
350 2858 526 2901 haeserat,
549 2858 611 2892 vix
625 2862 697 2892 tres
711 2859 764 2892 2ἐῖ
777 2862 936 2902 quatuor
956 2859 1075 2892 acllznc
1089 2859 1288 2902 supersint,
1304 2858 1347 2892 in
1366 2858 1499 2902 quibus
1512 2858 1567 2892 ‘cel
1579 2856 1694 2902 expli-

207 2916 338 2950 candis
352 2917 405 2950 vel
418 2916 656 2950 vindicandis
666 2929 806 2961 parum
820 2916 920 2951 milii
932 2917 1020 2961 ipsi,
1035 2917 1169 2951 nedum
1184 2916 1286 2960 aliis,
1296 2916 1556 2960 satisfecerim’
1573 2915 1693 2962 (p.19).
