<?xml version="1.0" encoding="UTF-8"?>
<!DOCTYPE html PUBLIC "-//W3C//DTD XHTML 1.0 Transitional//EN"
    "http://www.w3.org/TR/xhtml1/DTD/xhtml1-transitional.dtd">
<html xmlns="http://www.w3.org/1999/xhtml" xml:lang="en" lang="en">
 <head>
  <title>
</title>
<meta http-equiv="Content-Type" content="text/html;charset=utf-8" />
  <meta name='ocr-system' content='tesseract 3.04.00' />
  <meta name='ocr-capabilities' content='ocr_page ocr_carea ocr_par ocr_line ocrx_word'/>
</head>
<body>
  <div class='ocr_page' id='page_1' title='image "./xenophontisqvaef00fricuoft_0078.png"; bbox 0 0 1820 3340; ppageno 0'>
   <div class='ocr_carea' id='block_1_1' title="bbox 245 271 298 309">
    <p class='ocr_par' dir='ltr' id='par_1_1' title="bbox 245 271 298 309">
     <span class='ocr_line' id='line_1_1' title="bbox 245 271 298 309; baseline -0.019 0"><span class='ocrx_word' id='word_1_1' title='bbox 245 271 298 309; x_wconf 76' lang='lat'>74</span> 
     </span>
    </p>
   </div>
   <div class='ocr_carea' id='block_1_2' title="bbox 233 383 1732 2556">
    <p class='ocr_par' dir='ltr' id='par_1_2' title="bbox 233 383 1732 2556">
     <span class='ocr_line' id='line_1_2' title="bbox 362 383 1732 433; baseline -0.002 -8"><span class='ocrx_word' id='word_1_2' title='bbox 362 386 437 425; x_wconf 88' lang='lat' dir='ltr'>Sed</span> <span class='ocrx_word' id='word_1_3' title='bbox 488 385 583 424; x_wconf 90' lang='lat' dir='ltr'>licet</span> <span class='ocrx_word' id='word_1_4' title='bbox 627 384 887 423; x_wconf 82' lang='lat' dir='ltr'>offensionem</span> <span class='ocrx_word' id='word_1_5' title='bbox 935 384 1009 422; x_wconf 91' lang='lat' dir='ltr'>hoc</span> <span class='ocrx_word' id='word_1_6' title='bbox 1056 395 1220 421; x_wconf 92' lang='lat' dir='ltr'>numero</span> <span class='ocrx_word' id='word_1_7' title='bbox 1270 383 1459 433; x_wconf 84' lang='lat' dir='ltr'>Apologia</span> <span class='ocrx_word' id='word_1_8' title='bbox 1508 384 1732 423; x_wconf 80' lang='lat' dir='ltr'>etiamnunc</span> 
     </span>
     <span class='ocr_line' id='line_1_3' title="bbox 242 454 1730 508; baseline -0.003 -12"><span class='ocrx_word' id='word_1_9' title='bbox 242 458 413 508; x_wconf 90' lang='lat' dir='ltr'>cuipiam</span> <span class='ocrx_word' id='word_1_10' title='bbox 444 457 642 506; x_wconf 88' lang='lat' dir='ltr'>praebeat,</span> <span class='ocrx_word' id='word_1_11' title='bbox 675 458 715 493; x_wconf 92' lang='lat' dir='ltr'>at</span> <span class='ocrx_word' id='word_1_12' title='bbox 746 454 978 493; x_wconf 79' lang='lat' dir='ltr'>dubitationi</span> <span class='ocrx_word' id='word_1_13' title='bbox 1009 457 1113 493; x_wconf 88' lang='lat' dir='ltr'>certe</span> <span class='ocrx_word' id='word_1_14' title='bbox 1144 454 1301 493; x_wconf 89' lang='lat' dir='ltr'>omnino</span> <span class='ocrx_word' id='word_1_15' title='bbox 1332 454 1434 492; x_wconf 80' lang='lat' dir='ltr'>nihil</span> <span class='ocrx_word' id='word_1_16' title='bbox 1465 454 1529 493; x_wconf 88' lang='lat' dir='ltr'>hic</span> <span class='ocrx_word' id='word_1_17' title='bbox 1559 454 1730 505; x_wconf 77' lang='lat' dir='ltr'>relinqui</span> 
     </span>
     <span class='ocr_line' id='line_1_4' title="bbox 241 518 1730 576; baseline -0.003 -9"><span class='ocrx_word' id='word_1_18' title='bbox 241 529 315 567; x_wconf 88' lang='lat' dir='ltr'>loci</span> <span class='ocrx_word' id='word_1_19' title='bbox 346 527 568 566; x_wconf 88' lang='lat' dir='ltr'>necessario</span> <span class='ocrx_word' id='word_1_20' title='bbox 600 526 692 564; x_wconf 88' lang='lat' dir='ltr'>inde</span> <span class='ocrx_word' id='word_1_21' title='bbox 723 526 912 574; x_wconf 85' lang='lat' dir='ltr'>efficitur,</span> <span class='ocrx_word' id='word_1_22' title='bbox 944 525 1047 576; x_wconf 89' lang='lat' dir='ltr'>quod</span> <span class='ocrx_word' id='word_1_23' title='bbox 1079 525 1164 575; x_wconf 90' lang='lat' dir='ltr'>pari</span> <span class='ocrx_word' id='word_1_24' title='bbox 1196 521 1253 572; x_wconf 81' lang='grc' dir='ltr'>ὡς</span> <span class='ocrx_word' id='word_1_25' title='bbox 1283 518 1391 572; x_wconf 73' lang='grc' dir='ltr'><em>ἔπος</em></span> <span class='ocrx_word' id='word_1_26' title='bbox 1422 519 1564 564; x_wconf 75' lang='grc' dir='ltr'><em>εἰπεῖν</em></span> <span class='ocrx_word' id='word_1_27' title='bbox 1595 525 1730 563; x_wconf 87' lang='lat' dir='ltr'>condi-</span> 
     </span>
     <span class='ocr_line' id='line_1_5' title="bbox 239 594 1731 647; baseline -0.002 -10"><span class='ocrx_word' id='word_1_28' title='bbox 239 600 346 637; x_wconf 87' lang='lat' dir='ltr'>tione</span> <span class='ocrx_word' id='word_1_29' title='bbox 375 598 680 647; x_wconf 76' lang='lat' dir='ltr'>Xenophontem</span> <span class='ocrx_word' id='word_1_30' title='bbox 712 595 933 634; x_wconf 82' lang='lat' dir='ltr'>invenimus</span> <span class='ocrx_word' id='word_1_31' title='bbox 965 596 1085 633; x_wconf 90' lang='lat' dir='ltr'>etiam</span> <span class='ocrx_word' id='word_1_32' title='bbox 1122 595 1164 633; x_wconf 89' lang='lat' dir='ltr'>in</span> <span class='ocrx_word' id='word_1_33' title='bbox 1196 595 1524 634; x_wconf 88' lang='lat' dir='ltr'>Memorabilibus.</span> <span class='ocrx_word' id='word_1_34' title='bbox 1577 594 1731 645; x_wconf 88' lang='lat' dir='ltr'>Nempe</span> 
     </span>
     <span class='ocr_line' id='line_1_6' title="bbox 240 665 1731 716; baseline -0.002 -9"><span class='ocrx_word' id='word_1_35' title='bbox 240 669 404 707; x_wconf 87' lang='lat' dir='ltr'>miratur</span> <span class='ocrx_word' id='word_1_36' title='bbox 436 667 548 706; x_wconf 90' lang='lat' dir='ltr'>initio</span> <span class='ocrx_word' id='word_1_37' title='bbox 581 679 732 715; x_wconf 88' lang='lat' dir='ltr'>eorum,</span> <span class='ocrx_word' id='word_1_38' title='bbox 765 666 999 716; x_wconf 80' lang='lat' dir='ltr'>quibusnam</span> <span class='ocrx_word' id='word_1_39' title='bbox 1030 665 1246 704; x_wconf 87' lang='lat' dir='ltr'>rationibus</span> <span class='ocrx_word' id='word_1_40' title='bbox 1276 668 1524 704; x_wconf 72' lang='lat' dir='ltr'>accusatores</span> <span class='ocrx_word' id='word_1_41' title='bbox 1554 665 1595 703; x_wconf 84' lang='lat' dir='ltr'>id</span> <span class='ocrx_word' id='word_1_42' title='bbox 1626 677 1731 704; x_wconf 87' lang='lat' dir='ltr'>asse-</span> 
     </span>
     <span class='ocr_line' id='line_1_7' title="bbox 241 730 1731 790; baseline -0.002 -13"><span class='ocrx_word' id='word_1_43' title='bbox 241 739 322 778; x_wconf 86' lang='lat' dir='ltr'>cuti</span> <span class='ocrx_word' id='word_1_44' title='bbox 355 738 449 786; x_wconf 89' lang='lat' dir='ltr'>sint,</span> <span class='ocrx_word' id='word_1_45' title='bbox 482 741 527 775; x_wconf 90' lang='lat' dir='ltr'>ut</span> <span class='ocrx_word' id='word_1_46' title='bbox 559 737 757 776; x_wconf 78' lang='lat' dir='ltr'>Socratem</span> <span class='ocrx_word' id='word_1_47' title='bbox 785 730 981 788; x_wconf 75' lang='grc' dir='ltr'><em>ἆσεβείοις</em></span> <span class='ocrx_word' id='word_1_48' title='bbox 1012 740 1052 774; x_wconf 89' lang='lat' dir='ltr'>et</span> <span class='ocrx_word' id='word_1_49' title='bbox 1084 733 1334 790; x_wconf 68' lang='grc' dir='ltr'><em>διαφθορᾶς</em></span> <span class='ocrx_word' id='word_1_50' title='bbox 1364 739 1449 774; x_wconf 82' lang='grc' dir='ltr'>τῶν</span> <span class='ocrx_word' id='word_1_51' title='bbox 1480 731 1584 774; x_wconf 74' lang='grc' dir='ltr'>νέων</span> <span class='ocrx_word' id='word_1_52' title='bbox 1614 736 1731 786; x_wconf 83' lang='lat' dir='ltr'>culpa</span> 
     </span>
     <span class='ocr_line' id='line_1_8' title="bbox 238 807 1730 858; baseline -0.002 -10"><span class='ocrx_word' id='word_1_53' title='bbox 238 809 363 849; x_wconf 88' lang='lat' dir='ltr'>teneri</span> <span class='ocrx_word' id='word_1_54' title='bbox 394 808 704 847; x_wconf 80' lang='lat' dir='ltr'>Atheniensibus</span> <span class='ocrx_word' id='word_1_55' title='bbox 735 808 1034 858; x_wconf 81' lang='lat' dir='ltr'>persuaderent,</span> <span class='ocrx_word' id='word_1_56' title='bbox 1066 819 1138 845; x_wconf 89' lang='lat' dir='ltr'>nec</span> <span class='ocrx_word' id='word_1_57' title='bbox 1165 807 1381 857; x_wconf 80' lang='lat' dir='ltr'>quidquam</span> <span class='ocrx_word' id='word_1_58' title='bbox 1403 808 1499 846; x_wconf 86' lang='lat' dir='ltr'>certi</span> <span class='ocrx_word' id='word_1_59' title='bbox 1530 808 1579 846; x_wconf 89' lang='lat' dir='ltr'>de</span> <span class='ocrx_word' id='word_1_60' title='bbox 1599 807 1730 857; x_wconf 89' lang='lat' dir='ltr'>priore</span> 
     </span>
     <span class='ocr_line' id='line_1_9' title="bbox 239 878 1731 928; baseline -0.003 -9"><span class='ocrx_word' id='word_1_61' title='bbox 239 880 402 919; x_wconf 90' lang='lat' dir='ltr'>crimine</span> <span class='ocrx_word' id='word_1_62' title='bbox 438 880 578 918; x_wconf 85' lang='lat' dir='ltr'>afferre</span> <span class='ocrx_word' id='word_1_63' title='bbox 615 879 749 928; x_wconf 72' lang='lat' dir='ltr'>habet,</span> <span class='ocrx_word' id='word_1_64' title='bbox 787 879 837 916; x_wconf 87' lang='lat' dir='ltr'>ad</span> <span class='ocrx_word' id='word_1_65' title='bbox 874 878 1042 916; x_wconf 88' lang='lat' dir='ltr'>alterum</span> <span class='ocrx_word' id='word_1_66' title='bbox 1072 878 1292 927; x_wconf 81' lang='lat' dir='ltr'>Polycratis</span> <span class='ocrx_word' id='word_1_67' title='bbox 1324 878 1480 928; x_wconf 89' lang='lat' dir='ltr'>quidem</span> <span class='ocrx_word' id='word_1_68' title='bbox 1513 878 1731 916; x_wconf 84' lang='lat' dir='ltr'>calumnias</span> 
     </span>
     <span class='ocr_line' id='line_1_10' title="bbox 238 948 1729 1002; baseline -0.001 -14"><span class='ocrx_word' id='word_1_69' title='bbox 238 951 392 1002; x_wconf 79' lang='lat' dir='ltr'>habuit,</span> <span class='ocrx_word' id='word_1_70' title='bbox 438 962 534 1000; x_wconf 88' lang='lat' dir='ltr'>quas</span> <span class='ocrx_word' id='word_1_71' title='bbox 571 950 788 998; x_wconf 82' lang='lat' dir='ltr'>refelleret,</span> <span class='ocrx_word' id='word_1_72' title='bbox 834 950 903 987; x_wconf 91' lang='lat' dir='ltr'>sed</span> <span class='ocrx_word' id='word_1_73' title='bbox 941 949 1069 999; x_wconf 85' lang='lat' dir='ltr'>quoad</span> <span class='ocrx_word' id='word_1_74' title='bbox 1106 952 1377 987; x_wconf 80' lang='lat' dir='ltr'>accusatorum</span> <span class='ocrx_word' id='word_1_75' title='bbox 1414 948 1729 987; x_wconf 85' lang='lat' dir='ltr'>insimulationes</span> 
     </span>
     <span class='ocr_line' id='line_1_11' title="bbox 237 1019 1730 1070; baseline -0.002 -11"><span class='ocrx_word' id='word_1_76' title='bbox 237 1022 319 1060; x_wconf 89' lang='lat' dir='ltr'>illis</span> <span class='ocrx_word' id='word_1_77' title='bbox 349 1021 626 1069; x_wconf 82' lang='lat' dir='ltr'>redderentur,</span> <span class='ocrx_word' id='word_1_78' title='bbox 659 1020 786 1070; x_wconf 84' lang='lat' dir='ltr'>quoad</span> <span class='ocrx_word' id='word_1_79' title='bbox 816 1021 863 1058; x_wconf 89' lang='lat' dir='ltr'>ab</span> <span class='ocrx_word' id='word_1_80' title='bbox 895 1021 982 1069; x_wconf 89' lang='lat' dir='ltr'>ipso</span> <span class='ocrx_word' id='word_1_81' title='bbox 1014 1031 1082 1058; x_wconf 88' lang='lat' dir='ltr'>eae</span> <span class='ocrx_word' id='word_1_82' title='bbox 1120 1020 1304 1058; x_wconf 86' lang='lat' dir='ltr'>inventae</span> <span class='ocrx_word' id='word_1_83' title='bbox 1344 1022 1495 1067; x_wconf 85' lang='lat' dir='ltr'>essent,</span> <span class='ocrx_word' id='word_1_84' title='bbox 1532 1019 1730 1057; x_wconf 88' lang='lat' dir='ltr'>incertum</span> 
     </span>
     <span class='ocr_line' id='line_1_12' title="bbox 238 1089 1731 1140; baseline -0.002 -10"><span class='ocrx_word' id='word_1_85' title='bbox 238 1104 329 1131; x_wconf 88' lang='lat' dir='ltr'>eum</span> <span class='ocrx_word' id='word_1_86' title='bbox 360 1092 484 1130; x_wconf 82' lang='lat' dir='ltr'>fuisse</span> <span class='ocrx_word' id='word_1_87' title='bbox 516 1091 579 1129; x_wconf 86' lang='lat' dir='ltr'>vel</span> <span class='ocrx_word' id='word_1_88' title='bbox 611 1103 662 1129; x_wconf 83' lang='lat' dir='ltr'>ex</span> <span class='ocrx_word' id='word_1_89' title='bbox 692 1092 841 1129; x_wconf 87' lang='lat' dir='ltr'>ratione</span> <span class='ocrx_word' id='word_1_90' title='bbox 863 1090 1062 1140; x_wconf 81' lang='lat' dir='ltr'>ambigua,</span> <span class='ocrx_word' id='word_1_91' title='bbox 1096 1102 1172 1140; x_wconf 87' lang='lat' dir='ltr'>qua</span> <span class='ocrx_word' id='word_1_92' title='bbox 1193 1102 1261 1128; x_wconf 90' lang='lat' dir='ltr'>eae</span> <span class='ocrx_word' id='word_1_93' title='bbox 1282 1089 1582 1139; x_wconf 75' lang='lat' dir='ltr'>induouutur1),</span> <span class='ocrx_word' id='word_1_94' title='bbox 1614 1089 1731 1127; x_wconf 89' lang='lat' dir='ltr'>facile</span> 
     </span>
     <span class='ocr_line' id='line_1_13' title="bbox 236 1160 1729 1213; baseline -0.002 -12"><span class='ocrx_word' id='word_1_95' title='bbox 236 1163 488 1213; x_wconf 83' lang='lat' dir='ltr'>perspicitur.</span> <span class='ocrx_word' id='word_1_96' title='bbox 551 1164 682 1212; x_wconf 80' lang='lat' dir='ltr'>Atque</span> <span class='ocrx_word' id='word_1_97' title='bbox 712 1162 958 1200; x_wconf 84' lang='lat' dir='ltr'>admirationi</span> <span class='ocrx_word' id='word_1_98' title='bbox 997 1162 1055 1199; x_wconf 89' lang='lat' dir='ltr'>illi</span> <span class='ocrx_word' id='word_1_99' title='bbox 1094 1165 1133 1199; x_wconf 91' lang='lat' dir='ltr'>et</span> <span class='ocrx_word' id='word_1_100' title='bbox 1171 1173 1285 1200; x_wconf 88' lang='lat' dir='ltr'>verae</span> <span class='ocrx_word' id='word_1_101' title='bbox 1322 1160 1582 1199; x_wconf 88' lang='lat' dir='ltr'>accusationis</span> <span class='ocrx_word' id='word_1_102' title='bbox 1619 1161 1729 1210; x_wconf 88' lang='lat' dir='ltr'>igno-</span> 
     </span>
     <span class='ocr_line' id='line_1_14' title="bbox 239 1232 1731 1283; baseline -0.002 -12"><span class='ocrx_word' id='word_1_103' title='bbox 239 1234 379 1272; x_wconf 84' lang='lat' dir='ltr'>rationi</span> <span class='ocrx_word' id='word_1_104' title='bbox 410 1235 510 1271; x_wconf 88' lang='lat' dir='ltr'>bene</span> <span class='ocrx_word' id='word_1_105' title='bbox 540 1233 770 1283; x_wconf 84' lang='lat' dir='ltr'>respondet,</span> <span class='ocrx_word' id='word_1_106' title='bbox 815 1233 920 1282; x_wconf 85' lang='lat' dir='ltr'>quod</span> <span class='ocrx_word' id='word_1_107' title='bbox 957 1232 1195 1282; x_wconf 80' lang='lat' dir='ltr'>Xenophon,</span> <span class='ocrx_word' id='word_1_108' title='bbox 1239 1244 1493 1282; x_wconf 87' lang='lat' dir='ltr'>quamquam,</span> <span class='ocrx_word' id='word_1_109' title='bbox 1537 1234 1582 1269; x_wconf 88' lang='lat' dir='ltr'>ut</span> <span class='ocrx_word' id='word_1_110' title='bbox 1613 1243 1731 1281; x_wconf 89' lang='lat' dir='ltr'>supra</span> 
     </span>
     <span class='ocr_line' id='line_1_15' title="bbox 240 1302 1728 1355; baseline -0.001 -14"><span class='ocrx_word' id='word_1_111' title='bbox 240 1306 289 1355; x_wconf 90' lang='lat' dir='ltr'>(p.</span> <span class='ocrx_word' id='word_1_112' title='bbox 315 1306 367 1343; x_wconf 86' lang='lat'>39</span> <span class='ocrx_word' id='word_1_113' title='bbox 385 1304 452 1353; x_wconf 91' lang='lat' dir='ltr'>ss.)</span> <span class='ocrx_word' id='word_1_114' title='bbox 485 1304 674 1353; x_wconf 87' lang='lat' dir='ltr'>vidimus,</span> <span class='ocrx_word' id='word_1_115' title='bbox 708 1303 913 1342; x_wconf 85' lang='lat' dir='ltr'>Platonem</span> <span class='ocrx_word' id='word_1_116' title='bbox 946 1306 1104 1341; x_wconf 88' lang='lat' dir='ltr'>secutus</span> <span class='ocrx_word' id='word_1_117' title='bbox 1136 1303 1184 1341; x_wconf 89' lang='lat' dir='ltr'>de</span> <span class='ocrx_word' id='word_1_118' title='bbox 1221 1303 1349 1340; x_wconf 88' lang='lat' dir='ltr'>tribus</span> <span class='ocrx_word' id='word_1_119' title='bbox 1387 1303 1505 1340; x_wconf 89' lang='lat' dir='ltr'>rebus</span> <span class='ocrx_word' id='word_1_120' title='bbox 1542 1302 1728 1352; x_wconf 90' lang='lat' dir='ltr'>loquitur,</span> 
     </span>
     <span class='ocr_line' id='line_1_16' title="bbox 239 1372 1726 1425; baseline -0.002 -13"><span class='ocrx_word' id='word_1_121' title='bbox 239 1376 382 1425; x_wconf 84' lang='lat' dir='ltr'>quibus</span> <span class='ocrx_word' id='word_1_122' title='bbox 414 1387 437 1412; x_wconf 86' lang='lat' dir='ltr'>a</span> <span class='ocrx_word' id='word_1_123' title='bbox 463 1374 649 1424; x_wconf 85' lang='lat' dir='ltr'>sophistis</span> <span class='ocrx_word' id='word_1_124' title='bbox 671 1374 777 1423; x_wconf 80' lang='lat' dir='ltr'>apud</span> <span class='ocrx_word' id='word_1_125' title='bbox 798 1374 1003 1412; x_wconf 87' lang='lat' dir='ltr'>Platonem</span> <span class='ocrx_word' id='word_1_126' title='bbox 1027 1373 1205 1412; x_wconf 84' lang='lat' dir='ltr'>Socrates</span> <span class='ocrx_word' id='word_1_127' title='bbox 1228 1373 1482 1421; x_wconf 87' lang='lat' dir='ltr'>discernitur,</span> <span class='ocrx_word' id='word_1_128' title='bbox 1513 1372 1554 1409; x_wconf 86' lang='lat' dir='ltr'>id</span> <span class='ocrx_word' id='word_1_129' title='bbox 1576 1372 1726 1421; x_wconf 89' lang='lat' dir='ltr'>ipsum:</span> 
     </span>
     <span class='ocr_line' id='line_1_17' title="bbox 237 1442 1729 1496; baseline -0.003 -12"><span class='ocrx_word' id='word_1_130' title='bbox 237 1459 260 1484; x_wconf 92' lang='lat' dir='ltr'>a</span> <span class='ocrx_word' id='word_1_131' title='bbox 293 1446 481 1496; x_wconf 87' lang='lat' dir='ltr'>sophistis</span> <span class='ocrx_word' id='word_1_132' title='bbox 514 1458 604 1483; x_wconf 90' lang='lat' dir='ltr'>eum</span> <span class='ocrx_word' id='word_1_133' title='bbox 637 1445 700 1483; x_wconf 89' lang='lat' dir='ltr'>his</span> <span class='ocrx_word' id='word_1_134' title='bbox 732 1446 848 1483; x_wconf 88' lang='lat' dir='ltr'>rebus</span> <span class='ocrx_word' id='word_1_135' title='bbox 879 1444 1180 1483; x_wconf 86' lang='lat' dir='ltr'>discernendum</span> <span class='ocrx_word' id='word_1_136' title='bbox 1213 1455 1319 1492; x_wconf 90' lang='lat' dir='ltr'>esse,</span> <span class='ocrx_word' id='word_1_137' title='bbox 1351 1455 1479 1493; x_wconf 89' lang='lat' dir='ltr'>neque</span> <span class='ocrx_word' id='word_1_138' title='bbox 1511 1443 1605 1481; x_wconf 88' lang='lat' dir='ltr'>satis</span> <span class='ocrx_word' id='word_1_139' title='bbox 1634 1442 1729 1481; x_wconf 88' lang='lat' dir='ltr'>defi-</span> 
     </span>
     <span class='ocr_line' id='line_1_18' title="bbox 237 1513 1729 1566; baseline -0.003 -11"><span class='ocrx_word' id='word_1_140' title='bbox 237 1517 319 1555; x_wconf 85' lang='lat' dir='ltr'>nite</span> <span class='ocrx_word' id='word_1_141' title='bbox 362 1517 536 1555; x_wconf 83' lang='lat' dir='ltr'>declarat</span> <span class='ocrx_word' id='word_1_142' title='bbox 572 1528 699 1566; x_wconf 90' lang='lat' dir='ltr'>neque</span> <span class='ocrx_word' id='word_1_143' title='bbox 738 1516 833 1554; x_wconf 88' lang='lat' dir='ltr'>satis</span> <span class='ocrx_word' id='word_1_144' title='bbox 873 1515 1046 1553; x_wconf 84' lang='lat' dir='ltr'>dilucide</span> <span class='ocrx_word' id='word_1_145' title='bbox 1094 1514 1316 1564; x_wconf 81' lang='lat' dir='ltr'>perspexit3</span> <span class='ocrx_word' id='word_1_146' title='bbox 1362 1515 1395 1552; x_wconf 88' lang='lat' dir='ltr'>si</span> <span class='ocrx_word' id='word_1_147' title='bbox 1434 1513 1591 1563; x_wconf 88' lang='lat' dir='ltr'>quidem</span> <span class='ocrx_word' id='word_1_148' title='bbox 1635 1525 1729 1551; x_wconf 91' lang='lat' dir='ltr'>nus-</span> 
     </span>
     <span class='ocr_line' id='line_1_19' title="bbox 239 1584 1730 1638; baseline -0.003 -13"><span class='ocrx_word' id='word_1_149' title='bbox 239 1600 358 1638; x_wconf 85' lang='lat' dir='ltr'>quam</span> <span class='ocrx_word' id='word_1_150' title='bbox 383 1587 529 1625; x_wconf 90' lang='lat' dir='ltr'>mentio</span> <span class='ocrx_word' id='word_1_151' title='bbox 556 1588 600 1624; x_wconf 89' lang='lat' dir='ltr'>fit</span> <span class='ocrx_word' id='word_1_152' title='bbox 627 1586 893 1636; x_wconf 88' lang='lat' dir='ltr'>sophistarum</span> <span class='ocrx_word' id='word_1_153' title='bbox 920 1586 1014 1634; x_wconf 89' lang='lat' dir='ltr'>nisi,</span> <span class='ocrx_word' id='word_1_154' title='bbox 1046 1586 1113 1623; x_wconf 86' lang='lat' dir='ltr'>ubi</span> <span class='ocrx_word' id='word_1_155' title='bbox 1146 1585 1194 1623; x_wconf 91' lang='lat' dir='ltr'>de</span> <span class='ocrx_word' id='word_1_156' title='bbox 1225 1585 1402 1635; x_wconf 73' lang='lat' dir='ltr'>physicis</span> <span class='ocrx_word' id='word_1_157' title='bbox 1434 1584 1730 1636; x_wconf 88' lang='lat' dir='ltr'>quaestionibus</span> 
     </span>
     <span class='ocr_line' id='line_1_20' title="bbox 236 1651 1729 1709; baseline -0.003 -12"><span class='ocrx_word' id='word_1_158' title='bbox 236 1658 384 1708; x_wconf 79' lang='lat' dir='ltr'>agitur,</span> <span class='ocrx_word' id='word_1_159' title='bbox 417 1658 490 1697; x_wconf 90' lang='lat' dir='ltr'>hoc</span> <span class='ocrx_word' id='word_1_160' title='bbox 522 1658 655 1696; x_wconf 85' lang='lat' dir='ltr'>modo:</span> <span class='ocrx_word' id='word_1_161' title='bbox 696 1653 825 1706; x_wconf 60' lang='lat' dir='ltr'>„od-de*</span> <span class='ocrx_word' id='word_1_162' title='bbox 863 1654 941 1709; x_wconf 73' lang='grc' dir='ltr'>γὰρ</span> <span class='ocrx_word' id='word_1_163' title='bbox 978 1652 1082 1709; x_wconf 78' lang='grc' dir='ltr'><em>περὶ</em></span> <span class='ocrx_word' id='word_1_164' title='bbox 1121 1661 1194 1709; x_wconf 77' lang='grc' dir='ltr'>τῆς</span> <span class='ocrx_word' id='word_1_165' title='bbox 1226 1659 1310 1694; x_wconf 78' lang='grc' dir='ltr'>τῶν</span> <span class='ocrx_word' id='word_1_166' title='bbox 1347 1651 1524 1693; x_wconf 77' lang='grc' dir='ltr'><em>πάντων</em></span> <span class='ocrx_word' id='word_1_167' title='bbox 1561 1651 1729 1707; x_wconf 76' lang='grc' dir='ltr'><em>φύσεως</em></span> 
     </span>
     <span class='ocr_line' id='line_1_21' title="bbox 237 1721 1727 1783; baseline -0.002 -17"><span class='ocrx_word' id='word_1_168' title='bbox 237 1721 348 1783; x_wconf 73' lang='grc' dir='ltr'>ᾗπερ</span> <span class='ocrx_word' id='word_1_169' title='bbox 380 1731 477 1766; x_wconf 80' lang='grc' dir='ltr'>τῶν</span> <span class='ocrx_word' id='word_1_170' title='bbox 508 1724 672 1766; x_wconf 72' lang='grc' dir='ltr'><em>ἄλλων</em></span> <span class='ocrx_word' id='word_1_171' title='bbox 708 1722 753 1767; x_wconf 76' lang='grc' dir='ltr'>οἱ</span> <span class='ocrx_word' id='word_1_172' title='bbox 794 1725 1037 1767; x_wconf 76' lang='grc' dir='ltr'><em>πλεῖστοι</em></span> <span class='ocrx_word' id='word_1_173' title='bbox 1077 1722 1290 1779; x_wconf 75' lang='grc' dir='ltr'><em>διελέγετο</em></span> <span class='ocrx_word' id='word_1_174' title='bbox 1329 1729 1506 1765; x_wconf 69' lang='grc' dir='ltr'><em>σκοπῶν</em></span> <span class='ocrx_word' id='word_1_175' title='bbox 1543 1722 1667 1772; x_wconf 73' lang='grc' dir='ltr'>ὅπως</span> <span class='ocrx_word' id='word_1_176' title='bbox 1704 1722 1727 1764; x_wconf 80' lang='grc' dir='ltr'><em>ὁ</em></span> 
     </span>
     <span class='ocr_line' id='line_1_22' title="bbox 237 1791 1727 1852; baseline -0.003 -14"><span class='ocrx_word' id='word_1_177' title='bbox 237 1797 495 1850; x_wconf 72' lang='grc' dir='ltr'><em>καλούμενος</em></span> <span class='ocrx_word' id='word_1_178' title='bbox 526 1796 614 1838; x_wconf 72' lang='grc' dir='ltr'>ὑπὸ</span> <span class='ocrx_word' id='word_1_179' title='bbox 637 1802 732 1837; x_wconf 79' lang='grc' dir='ltr'>τῶν</span> <span class='ocrx_word' id='word_1_180' title='bbox 764 1802 1021 1852; x_wconf 76' lang='grc' dir='ltr'><em>σοφιστῶν</em></span> <span class='ocrx_word' id='word_1_181' title='bbox 1043 1794 1203 1848; x_wconf 78' lang='grc' dir='ltr'><em>κόσμος</em></span> <span class='ocrx_word' id='word_1_182' title='bbox 1235 1791 1347 1847; x_wconf 71' lang='grc' dir='ltr'>ἔχειιι</span> <span class='ocrx_word' id='word_1_183' title='bbox 1382 1797 1415 1849; x_wconf 83' lang='grc' dir='ltr'>(Ι</span> <span class='ocrx_word' id='word_1_184' title='bbox 1440 1798 1475 1846; x_wconf 85' lang='lat'>1,</span> <span class='ocrx_word' id='word_1_185' title='bbox 1500 1798 1576 1847; x_wconf 77' lang='lat'>11);</span> <span class='ocrx_word' id='word_1_186' title='bbox 1607 1797 1727 1835; x_wconf 89' lang='lat' dir='ltr'>immo</span> 
     </span>
     <span class='ocr_line' id='line_1_23' title="bbox 235 1867 1727 1920; baseline -0.003 -11"><span class='ocrx_word' id='word_1_187' title='bbox 235 1871 302 1909; x_wconf 81' lang='lat' dir='ltr'>ubi</span> <span class='ocrx_word' id='word_1_188' title='bbox 334 1867 595 1909; x_wconf 75' lang='grc' dir='ltr'><em>διδάσκαλον</em></span> <span class='ocrx_word' id='word_1_189' title='bbox 627 1883 669 1908; x_wconf 90' lang='lat' dir='ltr'>se</span> <span class='ocrx_word' id='word_1_190' title='bbox 701 1870 903 1909; x_wconf 83' lang='lat' dir='ltr'>Socratem</span> <span class='ocrx_word' id='word_1_191' title='bbox 935 1870 1158 1920; x_wconf 78' lang='lat' dir='ltr'>professum</span> <span class='ocrx_word' id='word_1_192' title='bbox 1189 1880 1269 1906; x_wconf 89' lang='lat' dir='ltr'>non</span> <span class='ocrx_word' id='word_1_193' title='bbox 1296 1880 1384 1907; x_wconf 88' lang='lat' dir='ltr'>esse</span> <span class='ocrx_word' id='word_1_194' title='bbox 1405 1868 1517 1916; x_wconf 88' lang='lat' dir='ltr'>dicit,</span> <span class='ocrx_word' id='word_1_195' title='bbox 1549 1867 1604 1905; x_wconf 90' lang='lat' dir='ltr'>ibi</span> <span class='ocrx_word' id='word_1_196' title='bbox 1634 1879 1727 1905; x_wconf 78' lang='lat' dir='ltr'>vero</span> 
     </span>
     <span class='ocr_line' id='line_1_24' title="bbox 235 1938 1726 1991; baseline -0.003 -12"><span class='ocrx_word' id='word_1_197' title='bbox 235 1954 281 1980; x_wconf 83' lang='lat' dir='ltr'>ea</span> <span class='ocrx_word' id='word_1_198' title='bbox 312 1942 460 1979; x_wconf 85' lang='lat' dir='ltr'>ratione</span> <span class='ocrx_word' id='word_1_199' title='bbox 491 1941 682 1991; x_wconf 84' lang='lat' dir='ltr'>loquitur,</span> <span class='ocrx_word' id='word_1_200' title='bbox 728 1944 772 1979; x_wconf 88' lang='lat' dir='ltr'>ut</span> <span class='ocrx_word' id='word_1_201' title='bbox 803 1953 916 1979; x_wconf 90' lang='lat' dir='ltr'>nemo</span> <span class='ocrx_word' id='word_1_202' title='bbox 955 1941 1003 1979; x_wconf 90' lang='lat' dir='ltr'>de</span> <span class='ocrx_word' id='word_1_203' title='bbox 1035 1940 1222 1990; x_wconf 84' lang='lat' dir='ltr'>sophistis</span> <span class='ocrx_word' id='word_1_204' title='bbox 1261 1939 1322 1977; x_wconf 92' lang='lat' dir='ltr'>his</span> <span class='ocrx_word' id='word_1_205' title='bbox 1360 1939 1490 1977; x_wconf 83' lang='lat' dir='ltr'>verbis</span> <span class='ocrx_word' id='word_1_206' title='bbox 1527 1938 1726 1976; x_wconf 74' lang='lat' dir='ltr'>admoneri</span> 
     </span>
     <span class='ocr_line' id='line_1_25' title="bbox 235 2010 1726 2062; baseline -0.001 -13"><span class='ocrx_word' id='word_1_207' title='bbox 235 2012 377 2062; x_wconf 80' lang='lat' dir='ltr'>possit,</span> <span class='ocrx_word' id='word_1_208' title='bbox 412 2013 479 2051; x_wconf 88' lang='lat' dir='ltr'>sed</span> <span class='ocrx_word' id='word_1_209' title='bbox 507 2012 596 2050; x_wconf 89' lang='lat' dir='ltr'>miri</span> <span class='ocrx_word' id='word_1_210' title='bbox 618 2015 774 2050; x_wconf 88' lang='lat' dir='ltr'>tantum</span> <span class='ocrx_word' id='word_1_211' title='bbox 796 2012 945 2062; x_wconf 86' lang='lat' dir='ltr'>aliquid</span> <span class='ocrx_word' id='word_1_212' title='bbox 977 2012 1084 2049; x_wconf 89' lang='lat' dir='ltr'>hunc</span> <span class='ocrx_word' id='word_1_213' title='bbox 1115 2011 1247 2049; x_wconf 90' lang='lat' dir='ltr'>locum</span> <span class='ocrx_word' id='word_1_214' title='bbox 1278 2011 1421 2048; x_wconf 86' lang='lat' dir='ltr'>habere</span> <span class='ocrx_word' id='word_1_215' title='bbox 1450 2010 1664 2048; x_wconf 87' lang='lat' dir='ltr'>sentiamus</span> <span class='ocrx_word' id='word_1_216' title='bbox 1687 2011 1726 2047; x_wconf 90' lang='lat' dir='ltr'>et</span> 
     </span>
     <span class='ocr_line' id='line_1_26' title="bbox 234 2080 1725 2133; baseline -0.002 -12"><span class='ocrx_word' id='word_1_217' title='bbox 234 2086 439 2133; x_wconf 85' lang='lat' dir='ltr'>assumpta</span> <span class='ocrx_word' id='word_1_218' title='bbox 470 2084 628 2121; x_wconf 90' lang='lat' dir='ltr'>demum</span> <span class='ocrx_word' id='word_1_219' title='bbox 660 2084 702 2120; x_wconf 93' lang='lat' dir='ltr'>in</span> <span class='ocrx_word' id='word_1_220' title='bbox 732 2082 1093 2132; x_wconf 86' lang='lat' dir='ltr'>interpretationem</span> <span class='ocrx_word' id='word_1_221' title='bbox 1124 2081 1301 2120; x_wconf 86' lang='lat' dir='ltr'>Platonis</span> <span class='ocrx_word' id='word_1_222' title='bbox 1332 2080 1524 2130; x_wconf 87' lang='lat' dir='ltr'>Apologia</span> <span class='ocrx_word' id='word_1_223' title='bbox 1556 2091 1725 2130; x_wconf 89' lang='lat' dir='ltr'>quorsus</span> 
     </span>
     <span class='ocr_line' id='line_1_27' title="bbox 235 2151 1724 2204; baseline -0.002 -13"><span class='ocrx_word' id='word_1_224' title='bbox 235 2154 310 2192; x_wconf 85' lang='lat' dir='ltr'>ista</span> <span class='ocrx_word' id='word_1_225' title='bbox 333 2156 531 2204; x_wconf 85' lang='lat' dir='ltr'>spectent,</span> <span class='ocrx_word' id='word_1_226' title='bbox 564 2165 864 2203; x_wconf 78' lang='lat' dir='ltr'>cognoscamus:</span> <span class='ocrx_word' id='word_1_227' title='bbox 898 2165 1015 2202; x_wconf 85' lang='lat' dir='ltr'>quam</span> <span class='ocrx_word' id='word_1_228' title='bbox 1047 2154 1093 2191; x_wconf 88' lang='lat' dir='ltr'>ob</span> <span class='ocrx_word' id='word_1_229' title='bbox 1115 2165 1199 2190; x_wconf 90' lang='lat' dir='ltr'>rem</span> <span class='ocrx_word' id='word_1_230' title='bbox 1230 2153 1358 2201; x_wconf 89' lang='lat' dir='ltr'>ipsam</span> <span class='ocrx_word' id='word_1_231' title='bbox 1383 2152 1489 2201; x_wconf 89' lang='lat' dir='ltr'>apud</span> <span class='ocrx_word' id='word_1_232' title='bbox 1518 2151 1724 2189; x_wconf 89' lang='lat' dir='ltr'>Platonem</span> 
     </span>
     <span class='ocr_line' id='line_1_28' title="bbox 235 2220 1726 2274; baseline -0.002 -12"><span class='ocrx_word' id='word_1_233' title='bbox 235 2236 279 2262; x_wconf 87' lang='lat' dir='ltr'>ea</span> <span class='ocrx_word' id='word_1_234' title='bbox 310 2225 510 2263; x_wconf 80' lang='lat' dir='ltr'>invenisse</span> <span class='ocrx_word' id='word_1_235' title='bbox 541 2225 846 2274; x_wconf 88' lang='lat' dir='ltr'>Xenophontem</span> <span class='ocrx_word' id='word_1_236' title='bbox 878 2227 934 2272; x_wconf 91' lang='lat' dir='ltr'>et,</span> <span class='ocrx_word' id='word_1_237' title='bbox 967 2236 1205 2273; x_wconf 87' lang='lat' dir='ltr'>quamquam</span> <span class='ocrx_word' id='word_1_238' title='bbox 1237 2223 1331 2272; x_wconf 87' lang='lat' dir='ltr'>quid</span> <span class='ocrx_word' id='word_1_239' title='bbox 1364 2222 1437 2260; x_wconf 87' lang='lat' dir='ltr'>sibi</span> <span class='ocrx_word' id='word_1_240' title='bbox 1467 2220 1617 2260; x_wconf 75' lang='lat' dir='ltr'>vellent</span> <span class='ocrx_word' id='word_1_241' title='bbox 1646 2233 1726 2260; x_wconf 90' lang='lat' dir='ltr'>non</span> 
     </span>
     <span class='ocr_line' id='line_1_29' title="bbox 233 2292 1724 2345; baseline -0.003 -12"><span class='ocrx_word' id='word_1_242' title='bbox 233 2295 350 2345; x_wconf 87' lang='lat' dir='ltr'>plane</span> <span class='ocrx_word' id='word_1_243' title='bbox 393 2295 674 2342; x_wconf 78' lang='lat' dir='ltr'>intellexisset,</span> <span class='ocrx_word' id='word_1_244' title='bbox 719 2295 811 2344; x_wconf 84' lang='lat' dir='ltr'>quia</span> <span class='ocrx_word' id='word_1_245' title='bbox 853 2294 1044 2344; x_wconf 87' lang='lat' dir='ltr'>aliquanti</span> <span class='ocrx_word' id='word_1_246' title='bbox 1088 2306 1134 2332; x_wconf 88' lang='lat' dir='ltr'>ea</span> <span class='ocrx_word' id='word_1_247' title='bbox 1177 2293 1365 2331; x_wconf 88' lang='lat' dir='ltr'>momenti</span> <span class='ocrx_word' id='word_1_248' title='bbox 1410 2304 1496 2331; x_wconf 88' lang='lat' dir='ltr'>esse</span> <span class='ocrx_word' id='word_1_249' title='bbox 1540 2304 1590 2330; x_wconf 79' lang='lat' dir='ltr'>ex</span> <span class='ocrx_word' id='word_1_250' title='bbox 1626 2292 1724 2342; x_wconf 82' lang='lat' dir='ltr'>ipsis</span> 
     </span>
     <span class='ocr_line' id='line_1_30' title="bbox 234 2362 1724 2413; baseline -0.002 -9"><span class='ocrx_word' id='word_1_251' title='bbox 234 2366 412 2404; x_wconf 86' lang='lat' dir='ltr'>Platonis</span> <span class='ocrx_word' id='word_1_252' title='bbox 443 2366 573 2404; x_wconf 84' lang='lat' dir='ltr'>verbis</span> <span class='ocrx_word' id='word_1_253' title='bbox 606 2366 815 2413; x_wconf 86' lang='lat' dir='ltr'>sentiebat,</span> <span class='ocrx_word' id='word_1_254' title='bbox 848 2377 925 2403; x_wconf 90' lang='lat' dir='ltr'>non</span> <span class='ocrx_word' id='word_1_255' title='bbox 959 2364 1174 2403; x_wconf 89' lang='lat' dir='ltr'>omittenda</span> <span class='ocrx_word' id='word_1_256' title='bbox 1206 2376 1251 2402; x_wconf 89' lang='lat' dir='ltr'>ea</span> <span class='ocrx_word' id='word_1_257' title='bbox 1284 2363 1358 2402; x_wconf 91' lang='lat' dir='ltr'>sibi</span> <span class='ocrx_word' id='word_1_258' title='bbox 1389 2375 1477 2401; x_wconf 89' lang='lat' dir='ltr'>esse</span> <span class='ocrx_word' id='word_1_259' title='bbox 1508 2362 1724 2401; x_wconf 87' lang='lat' dir='ltr'>credidisse</span> 
     </span>
     <span class='ocr_line' id='line_1_31' title="bbox 235 2433 1722 2486; baseline -0.001 -13"><span class='ocrx_word' id='word_1_260' title='bbox 235 2437 332 2474; x_wconf 87' lang='lat' dir='ltr'>satis</span> <span class='ocrx_word' id='word_1_261' title='bbox 363 2439 534 2486; x_wconf 87' lang='lat' dir='ltr'>apparet.</span> <span class='ocrx_word' id='word_1_262' title='bbox 598 2436 719 2474; x_wconf 90' lang='lat' dir='ltr'>Lecto</span> <span class='ocrx_word' id='word_1_263' title='bbox 750 2436 872 2484; x_wconf 79' lang='lat' dir='ltr'>igitur</span> <span class='ocrx_word' id='word_1_264' title='bbox 903 2438 944 2473; x_wconf 88' lang='lat' dir='ltr'>et</span> <span class='ocrx_word' id='word_1_265' title='bbox 974 2435 1136 2473; x_wconf 90' lang='lat' dir='ltr'>Platone</span> <span class='ocrx_word' id='word_1_266' title='bbox 1168 2437 1208 2472; x_wconf 83' lang='lat' dir='ltr'>et</span> <span class='ocrx_word' id='word_1_267' title='bbox 1238 2435 1461 2482; x_wconf 75' lang='lat' dir='ltr'>Polycrate,</span> <span class='ocrx_word' id='word_1_268' title='bbox 1495 2433 1589 2483; x_wconf 89' lang='lat' dir='ltr'>quid</span> <span class='ocrx_word' id='word_1_269' title='bbox 1609 2445 1722 2472; x_wconf 88' lang='lat' dir='ltr'>accu-</span> 
     </span>
     <span class='ocr_line' id='line_1_32' title="bbox 235 2503 1720 2556; baseline -0.002 -12"><span class='ocrx_word' id='word_1_270' title='bbox 235 2507 426 2544; x_wconf 86' lang='lat' dir='ltr'>sationem</span> <span class='ocrx_word' id='word_1_271' title='bbox 446 2507 704 2545; x_wconf 88' lang='lat' dir='ltr'>continuisset</span> <span class='ocrx_word' id='word_1_272' title='bbox 724 2507 807 2545; x_wconf 82' lang='lat' dir='ltr'>fere</span> <span class='ocrx_word' id='word_1_273' title='bbox 822 2518 986 2555; x_wconf 88' lang='lat' dir='ltr'>omnem,</span> <span class='ocrx_word' id='word_1_274' title='bbox 1008 2518 1057 2544; x_wconf 90' lang='lat' dir='ltr'>ne</span> <span class='ocrx_word' id='word_1_275' title='bbox 1071 2508 1155 2543; x_wconf 89' lang='lat' dir='ltr'>tum</span> <span class='ocrx_word' id='word_1_276' title='bbox 1171 2505 1327 2556; x_wconf 86' lang='lat' dir='ltr'>quidem</span> <span class='ocrx_word' id='word_1_277' title='bbox 1343 2505 1447 2543; x_wconf 90' lang='lat' dir='ltr'>clare</span> <span class='ocrx_word' id='word_1_278' title='bbox 1460 2503 1662 2554; x_wconf 79' lang='lat' dir='ltr'>perspexit</span> <span class='ocrx_word' id='word_1_279' title='bbox 1673 2503 1720 2554; x_wconf 79' lang='lat'>²):</span> 
     </span>
    </p>
   </div>
   <div class='ocr_carea' id='block_1_3' title="bbox 190 2641 1721 2984">
    <p class='ocr_par' dir='ltr' id='par_1_3' title="bbox 234 2641 1721 2738">
     <span class='ocr_line' id='line_1_33' title="bbox 354 2641 1721 2689; baseline -0.003 -10"><span class='ocrx_word' id='word_1_280' title='bbox 354 2646 388 2688; x_wconf 86' lang='lat'>1)</span> <span class='ocrx_word' id='word_1_281' title='bbox 415 2645 692 2689; x_wconf 82' lang='lat' dir='ltr'>Ambiguitatem</span> <span class='ocrx_word' id='word_1_282' title='bbox 724 2644 819 2679; x_wconf 87' lang='lat' dir='ltr'>illam</span> <span class='ocrx_word' id='word_1_283' title='bbox 852 2645 1032 2679; x_wconf 84' lang='lat' dir='ltr'>fortuitam</span> <span class='ocrx_word' id='word_1_284' title='bbox 1064 2655 1134 2679; x_wconf 88' lang='lat' dir='ltr'>non</span> <span class='ocrx_word' id='word_1_285' title='bbox 1168 2653 1246 2678; x_wconf 88' lang='lat' dir='ltr'>esse</span> <span class='ocrx_word' id='word_1_286' title='bbox 1285 2643 1370 2678; x_wconf 89' lang='lat' dir='ltr'>satis</span> <span class='ocrx_word' id='word_1_287' title='bbox 1403 2641 1577 2687; x_wconf 87' lang='lat' dir='ltr'>probabile</span> <span class='ocrx_word' id='word_1_288' title='bbox 1609 2641 1721 2676; x_wconf 88' lang='lat' dir='ltr'>credi-</span> 
     </span>
     <span class='ocr_line' id='line_1_34' title="bbox 234 2704 356 2738; baseline 0 0"><span class='ocrx_word' id='word_1_289' title='bbox 234 2704 356 2738; x_wconf 81' lang='lat' dir='ltr'>derim.</span> 
     </span>
    </p>

    <p class='ocr_par' dir='ltr' id='par_1_4' title="bbox 190 2760 1721 2984">
     <span class='ocr_line' id='line_1_35' title="bbox 353 2760 1721 2807; baseline -0.003 -10"><span class='ocrx_word' id='word_1_290' title='bbox 353 2763 388 2807; x_wconf 82' lang='lat'>2)</span> <span class='ocrx_word' id='word_1_291' title='bbox 415 2763 515 2806; x_wconf 81' lang='lat' dir='ltr'>Quod</span> <span class='ocrx_word' id='word_1_292' title='bbox 541 2764 618 2797; x_wconf 87' lang='lat' dir='ltr'>ideo</span> <span class='ocrx_word' id='word_1_293' title='bbox 645 2765 783 2797; x_wconf 84' lang='lat' dir='ltr'>tantum</span> <span class='ocrx_word' id='word_1_294' title='bbox 815 2763 890 2797; x_wconf 89' lang='lat' dir='ltr'>fieri</span> <span class='ocrx_word' id='word_1_295' title='bbox 922 2763 1074 2807; x_wconf 86' lang='lat' dir='ltr'>poterat,</span> <span class='ocrx_word' id='word_1_296' title='bbox 1108 2761 1188 2806; x_wconf 86' lang='lat' dir='ltr'>quia</span> <span class='ocrx_word' id='word_1_297' title='bbox 1223 2761 1314 2805; x_wconf 86' lang='lat' dir='ltr'>apud</span> <span class='ocrx_word' id='word_1_298' title='bbox 1347 2760 1529 2795; x_wconf 86' lang='lat' dir='ltr'>Platonem</span> <span class='ocrx_word' id='word_1_299' title='bbox 1561 2760 1721 2794; x_wconf 87' lang='lat' dir='ltr'>Socrates</span> 
     </span>
     <span class='ocr_line' id='line_1_36' title="bbox 234 2818 1721 2863; baseline -0.003 -7"><span class='ocrx_word' id='word_1_300' title='bbox 234 2824 479 2856; x_wconf 82' lang='lat' dir='ltr'>accusatorum</span> <span class='ocrx_word' id='word_1_301' title='bbox 505 2821 785 2856; x_wconf 77' lang='lat' dir='ltr'>insimulationes</span> <span class='ocrx_word' id='word_1_302' title='bbox 813 2823 950 2856; x_wconf 85' lang='lat' dir='ltr'>tantum</span> <span class='ocrx_word' id='word_1_303' title='bbox 976 2831 1046 2855; x_wconf 90' lang='lat' dir='ltr'>non</span> <span class='ocrx_word' id='word_1_304' title='bbox 1072 2820 1158 2854; x_wconf 88' lang='lat' dir='ltr'>nihil</span> <span class='ocrx_word' id='word_1_305' title='bbox 1184 2821 1339 2854; x_wconf 84' lang='lat' dir='ltr'>curatae</span> <span class='ocrx_word' id='word_1_306' title='bbox 1357 2818 1525 2853; x_wconf 77' lang='lat' dir='ltr'>vocabulo</span> <span class='ocrx_word' id='word_1_307' title='bbox 1544 2818 1721 2863; x_wconf 80' lang='grc' dir='ltr'><em>σοφιστής</em></span> 
     </span>
     <span class='ocr_line' id='line_1_37' title="bbox 190 2876 1719 2930; baseline -0.003 -15"><span class='ocrx_word' id='word_1_308' title='bbox 190 2918 202 2930; x_wconf 38' lang='grc'><em>,</em></span> <span class='ocrx_word' id='word_1_309' title='bbox 233 2881 374 2915; x_wconf 88' lang='lat' dir='ltr'>omnino</span> <span class='ocrx_word' id='word_1_310' title='bbox 399 2892 469 2915; x_wconf 90' lang='lat' dir='ltr'>non</span> <span class='ocrx_word' id='word_1_311' title='bbox 495 2881 622 2924; x_wconf 88' lang='lat' dir='ltr'>utitur,</span> <span class='ocrx_word' id='word_1_312' title='bbox 650 2883 755 2925; x_wconf 88' lang='lat' dir='ltr'>atque</span> <span class='ocrx_word' id='word_1_313' title='bbox 781 2880 1003 2923; x_wconf 85' lang='lat' dir='ltr'>Polycratem</span> <span class='ocrx_word' id='word_1_314' title='bbox 1031 2879 1225 2923; x_wconf 85' lang='lat' dir='ltr'>sophistam</span> <span class='ocrx_word' id='word_1_315' title='bbox 1251 2878 1405 2922; x_wconf 82' lang='lat' dir='ltr'>cavisse,</span> <span class='ocrx_word' id='word_1_316' title='bbox 1431 2888 1475 2912; x_wconf 89' lang='lat' dir='ltr'>ne</span> <span class='ocrx_word' id='word_1_317' title='bbox 1493 2878 1535 2912; x_wconf 88' lang='lat' dir='ltr'>de</span> <span class='ocrx_word' id='word_1_318' title='bbox 1554 2876 1719 2921; x_wconf 86' lang='lat' dir='ltr'>sophistis</span> 
     </span>
     <span class='ocr_line' id='line_1_38' title="bbox 233 2937 1215 2984; baseline 0 -12"><span class='ocrx_word' id='word_1_319' title='bbox 233 2940 427 2983; x_wconf 78' lang='lat' dir='ltr'>generatim</span> <span class='ocrx_word' id='word_1_320' title='bbox 453 2939 673 2984; x_wconf 85' lang='lat' dir='ltr'>loqueretur,</span> <span class='ocrx_word' id='word_1_321' title='bbox 700 2939 736 2973; x_wconf 90' lang='lat' dir='ltr'>in</span> <span class='ocrx_word' id='word_1_322' title='bbox 762 2940 929 2983; x_wconf 85' lang='lat' dir='ltr'>promptu</span> <span class='ocrx_word' id='word_1_323' title='bbox 956 2940 1009 2973; x_wconf 89' lang='lat' dir='ltr'>est</span> <span class='ocrx_word' id='word_1_324' title='bbox 1035 2937 1215 2982; x_wconf 85' lang='lat' dir='ltr'>suspicari.</span> 
     </span>
    </p>
   </div>
  </div>
 </body>
</html>
