1820 3340
1499 277 1550 313 73

72 390 191 428 nimis
222 393 401 428 accurata
431 390 601 438 audiret,
632 389 783 427 accedit
804 389 922 427 etiam
945 389 1045 439 quod
1067 402 1146 427 non
1168 402 1213 428 ea
1234 393 1363 429 mente
1385 391 1554 441 scripsit,

71 464 115 498 ut
153 459 322 498 Socratis
365 460 629 498 defensionem
674 460 868 507 redderet,
913 460 981 497 sed
1020 460 1129 509 quasi
1174 455 1216 498 ἐν
1259 456 1460 513 παρέργῳ
1503 462 1553 499 ad

70 533 219 579 partem
249 530 415 579 primam
446 530 662 579 apologiam
684 530 863 579 adjungit
894 529 1036 580 ipsam3
1072 542 1190 580 quare
1220 530 1407 569 minorem
1435 532 1554 569 etiam

72 611 205 637 curam
235 600 276 636 in
308 600 380 637 hac
411 604 521 649 parte
553 601 807 649 consumpsit.

188 670 337 708 Deinde
368 682 418 708 ex
449 682 523 719 quo
555 670 724 719 primum
751 670 1021 719 exposuimus,
1055 682 1156 720 quae
1188 670 1406 720 ignorantia
1437 683 1552 710 verae

70 743 336 778 accusatorum
378 740 592 778 sententiae
630 740 933 790 intentionisque
970 741 1009 777 in
1049 741 1236 790 Apologia
1274 746 1469 790 cernatur,
1514 746 1553 782 te

68 811 285 860 perturbari
318 811 495 859 suspicor
526 811 598 848 hac
630 811 873 861 quaestione,
911 812 1102 860 quomodo
1134 812 1240 849 credi
1273 812 1398 861 possit
1430 813 1553 851 fuisse

69 881 368 930 Xenophontem
401 885 440 918 et
471 893 601 918 rerum
632 881 728 919 adeo
761 881 939 929 ignarum
979 884 1019 919 et
1050 881 1155 919 naris
1192 885 1270 919 tam
1310 883 1465 931 obesae,
1511 888 1554 921 ut

70 951 118 988 de
150 951 335 1000 sophistis
367 951 521 989 omnino
553 963 630 989 non
662 952 866 1000 cogitaret,
901 952 968 989 sed
1001 963 1120 989 sensu
1152 952 1226 990 isto
1250 953 1418 1001 simplici
1441 966 1553 991 accu-

70 1022 256 1059 sationem
288 1022 492 1070 acciperet.
554 1023 683 1072 Atque
717 1022 888 1070 profecto
922 1023 1092 1060 maxima
1121 1022 1217 1060 haec
1239 1023 1411 1060 omnium
1435 1025 1553 1062 offen-

71 1092 240 1139 sionum,
285 1104 384 1141 quae
421 1093 585 1130 inveniri
620 1096 786 1142 possunt
824 1093 862 1129 in
896 1093 1102 1142 Apologia,
1147 1094 1302 1131 videtur
1333 1106 1437 1137 esse,
1482 1095 1554 1132 hoc

69 1165 187 1211 caput
218 1162 486 1211 dubitationis3
531 1175 622 1200 nam
659 1175 748 1200 cum
786 1163 938 1212 reliqua
975 1164 1099 1201 omnis
1137 1164 1219 1201 fere
1257 1164 1444 1202 dubitatio
1476 1164 1553 1202 sin-

69 1232 174 1280 gulis
204 1233 321 1270 rebus
358 1236 397 1271 et
428 1233 600 1282 parvulis
638 1237 676 1271 et
714 1234 882 1283 quodam
919 1233 1034 1271 modo
1074 1234 1246 1271 fortuitis
1290 1234 1552 1283 adhaerescat,

70 1303 143 1340 hac
174 1303 401 1352 quaestione
434 1315 586 1341 summa
616 1316 746 1341 rerum
775 1304 1010 1350 continetur,
1043 1304 1172 1353 ipsum
1196 1305 1423 1353 scriptorem
1445 1309 1554 1343 tene-

69 1384 174 1422 mus3
226 1373 298 1411 hac
346 1374 468 1422 igitur
511 1374 754 1422 potissimum
808 1387 857 1412 ex
902 1378 1010 1424 parte
1054 1375 1285 1423 Apologiam
1335 1376 1554 1414 debuerunt

69 1455 305 1492 oppugnare.
369 1445 420 1481 At
463 1456 512 1481 ne
555 1445 618 1482 hic
649 1445 807 1493 quidem
844 1445 970 1482 nodus
1008 1445 1205 1482 difficilior
1248 1449 1307 1482 est
1351 1458 1467 1495 quam
1509 1449 1554 1484 ut

70 1514 245 1563 expediri
289 1515 424 1563 possit.
500 1514 582 1562 Quo
626 1515 729 1552 enim
782 1519 955 1564 tempore
999 1516 1249 1564 Anaxagoras
1294 1516 1553 1565 philosophus

69 1584 234 1622 Athenis
273 1580 470 1635 ἀσεβείας
507 1586 785 1624 condemnatus
821 1586 991 1634 aufugit,
1030 1586 1247 1635 Xenophon
1286 1587 1449 1624 vixdum
1486 1592 1554 1625 aut

70 1655 242 1692 nondum
273 1659 389 1693 natus
421 1660 520 1705 erat;
554 1668 644 1693 cum
677 1655 855 1694 Socrates
887 1657 1076 1705 primum,
1115 1660 1159 1693 ut
1196 1660 1256 1694 est
1287 1658 1391 1706 apud
1424 1657 1554 1695 Plato-

69 1737 176 1773 nem,
219 1726 267 1763 ab
299 1726 559 1776 Aristophane
591 1729 651 1765 est
681 1730 904 1775 accusatus,
948 1727 990 1764 in
1027 1727 1164 1765 ludum
1202 1728 1420 1765 litterarum
1458 1729 1554 1766 itare

70 1795 214 1845 coepit;
248 1809 336 1834 cum
368 1797 599 1846 Protagoras
630 1797 796 1835 Athenis
825 1797 964 1847 pulsus
987 1802 1063 1844 est,
1095 1809 1145 1835 ex
1167 1798 1326 1847 ephebis
1358 1802 1441 1836 erat
1472 1799 1553 1836 fere

70 1866 267 1904 exiturus:
301 1872 490 1916 quotquot
520 1868 641 1915 igitur
673 1868 952 1905 certaminibus
984 1880 1110 1917 usque
1142 1869 1191 1905 ad
1221 1868 1263 1905 id
1284 1872 1442 1918 tempus
1465 1882 1554 1908 con-

69 1937 251 1974 flixerant
282 1949 370 1975 cum
403 1938 589 1987 sophistis
622 1938 687 1987 qui
721 1950 789 1987 pro
821 1939 954 1986 patriis
978 1939 1149 1976 moribus
1171 1940 1469 1988 propugnabant
1490 1940 1553 1977 vel

69 2019 316 2056 propugnare
348 2020 435 2046 sese
467 2009 720 2056 simulabant,
752 2021 888 2057 parum
922 2010 1105 2057 provecta
1138 2021 1182 2046 eo
1213 2012 1388 2059 tempore
1427 2013 1554 2048 aetate

69 2077 144 2115 fuit
174 2078 411 2128 Xenophon,
456 2091 571 2128 quam
609 2082 652 2116 ut
690 2079 784 2128 quid
821 2079 888 2116 illa
920 2079 994 2116 sibi
1025 2079 1191 2127 vellent,
1236 2083 1394 2129 caperet
1437 2083 1553 2130 atque

68 2148 324 2196 intellegeret.
394 2149 492 2186 Cum
529 2153 660 2187 autem
698 2149 867 2186 adolevit
911 2149 1099 2199 primum,
1143 2162 1338 2188 armorum
1384 2151 1554 2200 strepitu

70 2219 246 2256 Athenae
290 2220 528 2268 sempiterno
572 2220 756 2269 impletae
805 2224 932 2258 erant:
985 2220 1081 2269 quid
1129 2221 1272 2258 mirum
1322 2221 1427 2271 quod
1472 2222 1554 2270 jam

71 2289 332 2338 sophistarum
363 2290 663 2328 declamationes
696 2294 736 2328 et
767 2290 1075 2328 concertationes
1107 2291 1418 2329 conticescebant
1455 2292 1554 2329 noti-

69 2358 241 2408 tiamque
273 2359 493 2408 Xenophon
523 2360 679 2398 illarum
710 2360 854 2398 artium
886 2361 968 2398 suis
1000 2360 1125 2409 ipsius
1164 2361 1275 2411 quasi
1310 2361 1434 2399 oculis
1467 2374 1554 2412 per-

71 2434 221 2478 ceptam
264 2441 341 2467 non
384 2430 542 2468 habuit?
615 2431 766 2469 Deinde
816 2435 904 2482 post
948 2443 1083 2480 pacem
1130 2436 1397 2481 recuperatam
1446 2433 1554 2470 brevi

70 2499 255 2548 temporis
287 2500 411 2549 spatio
442 2501 670 2550 interposito
702 2501 918 2550 Xenophon
952 2501 1077 2551 patria
1108 2502 1293 2550 decessit,
1325 2503 1553 2553 priusquam

70 2570 299 2608 revixerunt
336 2571 551 2620 sophistae;
599 2572 730 2621 itaque
774 2572 863 2621 quis
906 2572 1069 2609 miretur
1104 2572 1262 2610 illorum
1304 2573 1346 2610 in
1383 2577 1554 2612 mentem

71 2640 321 2690 Xenophonti
358 2653 433 2679 non
472 2642 655 2679 venisse?
718 2643 847 2691 Atque
884 2654 928 2680 eo
972 2642 1102 2680 minus
1147 2643 1346 2692 explicatu
1390 2644 1554 2682 difficile

71 2714 146 2759 est,
179 2723 248 2749 cur
280 2711 475 2749 Socratem
515 2724 603 2749 cum
642 2712 722 2750 illis
760 2716 1020 2762 exaequatum
1058 2724 1144 2751 esse
1181 2714 1227 2750 ab
1265 2713 1554 2752 accusatoribus

71 2794 147 2819 non
179 2782 401 2831 suspicatus
423 2782 490 2831 sit,
524 2783 627 2832 quod
649 2783 929 2821 consuetudine
950 2783 1034 2833 ipse
1056 2795 1145 2821 eum
1169 2784 1368 2832 cognitum
1390 2784 1555 2822 habebat

71 2863 223 2901 usuque
255 2852 452 2891 doctrinae
486 2853 701 2891 Socraticae
733 2853 994 2903 cognitionem
1026 2857 1250 2903 perceperat
1281 2854 1329 2892 ab
1361 2866 1422 2903 ea,
1455 2867 1554 2905 quae

72 2922 269 2971 sophistae
299 2923 456 2961 nomine
488 2923 760 2973 denotabatur,
793 2924 1110 2963 diversissimam.
