1820 3340
1488 253 1537 290 11

172 363 313 419 χώραν
350 362 528 406 κάουσιν
565 364 622 414 ὡς
661 360 902 420 ἀλλοτρίαν]
942 365 1017 420 τὴν
1051 364 1191 420 χώραν
1224 363 1304 422 ἤδη
1337 363 1544 421 ἡμετέραν

174 429 304 486 εἷναις

115 519 205 567 τοῖς
242 514 362 570 ἐμοῖς
398 515 534 567 ε’ὕνοις
573 521 611 570 (ξ
637 521 722 572 27),
768 521 815 559 cf.
841 520 944 559 Heli.
967 521 1005 558 V
1028 522 1064 569 2,
1086 530 1149 564 33:
1196 519 1285 568 τοῖς
1325 516 1544 573 ὑμετέροις

173 586 430 641 δυσμενέσιν.

114 673 187 712 His
218 673 441 712 addendum
462 674 619 712 videtur
649 669 725 713 οὖν,
754 670 970 727 ἄρρωστος
997 672 1071 728 τὴν
1097 671 1234 728 ψυχήν
1267 674 1306 726 (ξ
1331 673 1419 725 30);
1452 686 1542 712 nam

176 756 220 782 eo
251 745 352 792 1000,
385 756 461 794 quo
494 744 574 783 solo
605 745 709 794 apud
731 745 911 795 Xenoph.
933 757 1009 783 vox
1042 740 1261 797 ἄρρωστος
1285 748 1439 794 praesto
1471 748 1546 793 est,

174 814 355 853 similiter
380 817 489 866 ,,τῶν
510 811 731 865 σωμάτων,
753 815 891 865 inquit,
919 810 1220 870 θηλυνομένων
1241 811 1315 853 καὶ
1339 809 1383 853 αἱ
1409 810 1543 868 ψυχαὶ

172 881 287 923 πολὺ
324 881 639 938 ἀρρωστότεραι
678 879 933 938 γι’γνονται“,
979 898 1054 936 (1110
1097 886 1181 925 1000
1219 886 1344 935 magis
1383 897 1544 935 respon-

173 956 330 994 dentem
360 956 421 993 illi
445 957 659 1006 Apologiae
691 957 795 1006 apud
826 957 948 994 alium
981 956 1210 1006 scriptorem
1236 957 1302 994 vix
1334 956 1542 994 inveneris.

172 1026 256 1065 Nec
286 1028 402 1076 plane
433 1027 765 1077 praetereundum
795 1028 952 1065 videtur
988 1027 1105 1065 etiam
1142 1027 1200 1076 id,
1241 1027 1343 1077 quod
1381 1026 1542 1065 verbum

173 1092 398 1150 οἷρρωστέω
420 1098 564 1135 Atticis
585 1110 655 1147 pro
678 1093 873 1136 ἀσθενέα)
905 1110 1044 1148 parum
1075 1097 1266 1136 usitatum
1298 1110 1320 1135 a
1341 1097 1441 1136 Xen.
1464 1109 1542 1135 non

173 1168 287 1206 modo
309 1181 387 1206 non
408 1172 468 1206 est
488 1168 670 1216 alienum,
694 1169 763 1207 sed
785 1169 903 1207 etiam
926 1169 1082 1218 saepius
1104 1181 1219 1218 quam
1241 1169 1406 1206 alterum
1428 1179 1543 1206 usur-

172 1242 302 1289 patur,
335 1242 375 1277 et
402 1240 505 1289 quod
526 1252 604 1277 vox
635 1239 683 1277 de
716 1240 855 1277 eadem
886 1239 1008 1289 stirpe
1041 1240 1277 1277 conformata
1310 1233 1544 1292 ἐρρωμένος

174 1310 260 1359 ipsa
292 1322 448 1360 (1110(1110
479 1310 528 1348 (10
559 1311 689 1348 animo
721 1311 768 1348 ab
801 1323 844 1349 00
876 1311 973 1348 locis
1005 1311 1205 1348 nonnullis
1237 1310 1390 1348 dicitur.

176 1390 216 1442 3)
247 1393 305 1430 Ac
336 1404 385 1430 ne
416 1392 569 1442 poetica
601 1393 759 1442 quidem
781 1393 862 1441 vel,
895 1393 1000 1443 quod
1032 1392 1262 1442 saepissime
1294 1392 1399 1430 idem
1431 1392 1544 1442 est1),

55 1462 257 1501 dialectica
287 1463 328 1500 in
350 1463 462 1513 Apol.
486 1464 630 1502 desunt
651 1464 852 1511 vocabula,
881 1475 980 1513 quae
1008 1463 1195 1513 pleraque
1223 1463 1342 1501 etiam
1369 1463 1543 1513 alioquin

53 1533 158 1583 apud
189 1533 288 1571 Xen.
321 1538 545 1573 occurrunt:

113 1605 265 1663 κυδρός
302 1609 341 1662 (ξ
366 1609 435 1661 29)
467 1610 566 1648 Χο11.
605 1611 653 1649 (10
691 1623 733 1649 re
770 1623 828 1661 eq.
862 1612 926 1659 10,
950 1620 1063 1654 15.16
1103 1610 1264 1648 exhibet
1300 1621 1403 1647 unus
1440 1609 1544 1647 inter

173 1681 361 1719 sermonis
382 1681 578 1731 pedestris
600 1682 827 1732 scriptores,
851 1686 1024 1720 ceterum
1045 1681 1188 1719 Pollux
1209 1681 1229 1719 1
1254 1682 1336 1719 194
1359 1681 1406 1719 (10
1429 1680 1543 1730 equis

172 1752 246 1790 1100
272 1752 349 1790 dici
377 1752 561 1800 affirmat,
593 1765 713 1802 quare
734 1752 985 1791 Immischius
1007 1753 1108 1790 hanc
1129 1764 1264 1790 vocem
1285 1751 1415 1801 equile
1438 1751 1544 1789 olere

174 1826 214 1860 et
250 1823 299 1860 de
330 1824 461 1871 Anyto
499 1823 648 1861 dictum
685 1823 721 1862 ei
759 1836 809 1861 ex
848 1823 1018 1862 Socratis
1057 1823 1281 1872 discipulis,
1322 1822 1390 1872 qui
1430 1822 1543 1872 equis

172 1896 321 1931 tantam
352 1906 508 1943 operam
541 1894 664 1942 dedit,
696 1894 842 1944 optime
874 1894 1080 1932 convenire
1112 1894 1209 1932 scite
1240 1893 1402 1932 monuit.

113 1971 342 2029 ὑπερφέρω
375 1975 414 2027 (ξ
434 1975 500 2026 15)
522 1977 685 2014 verbum
716 1977 844 2026 poetis
875 1976 1033 2025 tragicis
1060 1979 1097 2014 et
1121 1975 1373 2025 scriptoribus
1394 1974 1542 2012 Ionicis

171 2047 360 2085 usitatum
390 2060 413 2085 a
443 2047 542 2085 Xen.
575 2048 694 2086 etiam
725 2047 818 2085 alibi
849 2047 1008 2097 ponitur
1039 2046 1255 2098 (1110111111
1278 2047 1314 2095 5,
1339 2055 1394 2088 13.
1428 2045 1541 2095 Reip.

172 2117 262 2156 Lao.
288 2119 353 2166 15,
376 2127 408 2161 3,
429 2118 484 2166 8),
529 2130 618 2156 cum
657 2118 723 2156 alii
760 2122 938 2156 auctores
977 2118 1097 2156 Attici
1134 2129 1289 2167 prosam
1328 2117 1543 2154 scribentes

171 2188 286 2238 pauci
321 2200 479 2239 perraro
511 2192 551 2227 et
581 2189 621 2226 in
655 2189 834 2227 sublimis
872 2188 1054 2227 orationis
1091 2188 1187 2226 10010
1219 2187 1320 2225 illud
1350 2190 1545 2236 usurpent

173 2260 306 2310 (Isocr.
328 2260 422 2297 Pan.
448 2261 513 2299 60.
546 2260 687 2298 Aesch.
710 2260 730 2297 Ι
755 2260 848 2298 140.
882 2259 1002 2298 Thuc.
1025 2259 1044 2297 I
1069 2259 1149 2309 81).

115 2336 407 2392 εὐθυμεῖσθαι
447 2342 485 2393 (ξ
511 2342 599 2393 27),
637 2343 740 2393 (111οᾶ
778 2343 940 2380 verbum
976 2342 1167 2391 tragicum
1204 2341 1462 2391 Ionicumque
1499 2343 1544 2378 ut

172 2413 293 2451 ceteri
325 2413 533 2463 scriptores
555 2413 676 2451 Attici
707 2425 791 2451 raro
825 2414 950 2464 (Plato
977 2414 1018 2450 in
1045 2413 1227 2463 operibus
1249 2411 1542 2462 posterioribus,

173 2483 351 2532 Aristot,
390 2484 528 2523 comici
565 2487 690 2523 aetate
727 2484 947 2534 inferiores)
986 2485 1039 2522 ita
1071 2483 1168 2521 Xen.
1202 2483 1411 2533 permultis
1444 2482 1544 2521 10010

171 2554 289 2593 habet
319 2567 396 2593 non
429 2567 544 2593 secus
575 2558 692 2605 atque
726 2548 914 2605 εὐθυμία
946 2558 985 2593 et
1016 2549 1203 2604 εὔθυμος
1233 2554 1431 2592 vocabula.

174 2681 208 2726 1)
241 2681 293 2715 Cf.
327 2680 448 2717 Cobeti
481 2681 808 2716 commentationem
847 2691 936 2725 quae
974 2682 1028 2715 est
1062 2680 1347 2726 Γλωσσηματικὰ
1380 2680 1416 2713 111
1449 2679 1541 2714 Χο11.

55 2739 200 2785 Cyrop.,
225 2740 398 2775 Mnemos.
419 2740 510 2776 1875
536 2752 568 2785 p.
588 2740 803 2783 214—2213
836 2742 941 2784 atque
973 2740 1125 2775 eundem
1150 2751 1183 2783 p.
1203 2739 1289 2774 389:
1324 2738 1541 2782 ‘Xenophon

55 2799 148 2833 enim
173 2809 255 2834 non
280 2800 393 2834 utitur
409 2799 591 2834 vocabulis
616 2800 762 2843 poeticis
789 2799 870 2833 011111
897 2798 1063 2833 obsoletis
1089 2800 1124 2833 et
1146 2799 1183 2832 in
1208 2797 1282 2832 sola
1298 2797 1417 2842 lingua
1436 2797 1545 2841 Epica

55 2858 318 2903 superstitibus,
346 2885 354 2892 .
374 2885 381 2893 .
403 2886 409 2892 .
437 2859 499 2893 sed
527 2886 533 2893 .
554 2885 588 2893 ..
615 2859 727 2893 utitur
752 2858 793 2892 iis
811 2857 990 2893 vocabulis
1017 2868 1124 2902 quae
1149 2856 1329 2891 Ionibus
1356 2858 1396 2890 et
1413 2855 1543 2901 Spar-

55 2917 187 2961 tanis,
215 2917 423 2962 quibuscum
449 2918 648 2953 diutissime
673 2928 743 2953 una
769 2918 923 2961 vixerat,
950 2919 1072 2952 erant
1097 2917 1137 2951 in
1165 2916 1262 2951 ore’.
