1820 3340
233 267 288 305 46

233 383 479 422 admittentia
510 383 550 421 id
571 386 723 421 tantum
746 386 948 433 praestent
980 395 1094 433 posse
1116 387 1220 422 certe
1242 384 1474 434 Apologiam
1495 387 1589 422 natu
1610 384 1723 434 quasi

234 454 419 493 maiorem
451 454 686 502 existimari,
730 458 770 492 et
806 466 906 504 quae
942 454 1018 492 alia
1049 454 1198 492 ratione
1236 458 1303 492 aut
1340 455 1409 492 vix
1447 458 1514 493 aut
1545 466 1623 492 non
1654 466 1723 492 ex—

234 524 415 574 plicanda
459 524 678 563 necessario
716 536 798 563 rem
835 525 889 562 ita
926 536 1013 562 esse
1052 525 1274 573 ostendant,
1320 525 1484 564 seorsim
1527 536 1723 575 exponere

234 607 311 634 non
345 595 417 633 erit
449 607 558 644 opus.

352 666 490 715 Ipsum
522 666 628 704 enim
650 665 963 703 Memorabilium
986 666 1192 704 exordium
1224 677 1274 704 ex
1295 666 1487 715 Apologia
1519 665 1623 704 haud
1644 666 1724 704 scio

234 749 283 774 an
316 737 367 774 sit
398 739 621 774 mutuatum
652 740 690 774 et
721 737 842 775 verba
873 732 1098 783 Πολλάκις
1135 732 1365 786 ἐθαύμασα
1377 736 1406 787 1)
1444 733 1532 775 κτλ.
1571 736 1619 774 ad
1657 747 1725 774 ex-

235 807 411 856 emplum
454 808 662 845 verborum
705 810 831 845 τοῦτο
874 802 952 856 μὲν
989 809 1164 858 πρῶτον
1201 803 1413 857 θαυμάζω
1445 806 1572 858 (Apol.
1606 805 1726 857 §11)

238 878 392 927 scripta.
454 878 505 915 Et
537 877 642 927 quod
672 878 713 915 in
734 877 1045 916 Memorabilium
1077 877 1188 916 initio
1220 878 1444 916 mirandum
1475 881 1553 916 est:
1587 877 1726 916 deesse

235 948 478 998 prooemium
510 948 706 998 quoddam
738 948 857 986 totius
889 949 1037 999 operis,
1069 948 1110 985 id
1142 949 1274 986 minus
1296 948 1440 986 mirum
1461 948 1658 998 videatur,
1692 947 1725 985 si

236 1019 466 1069 Apologiam
510 1019 812 1069 Xenophontem
861 1023 950 1057 ante
995 1019 1129 1057 oculos
1178 1019 1363 1057 habuisse
1408 1030 1627 1057 sumamus:
1671 1018 1727 1056 ita

237 1090 340 1128 enim
373 1102 434 1138 ea,
467 1102 566 1139 quae
597 1090 786 1139 Apologia
817 1091 1017 1138 offerebat,
1051 1090 1180 1128 statim
1213 1102 1302 1128 eum
1335 1090 1448 1139 quasi
1470 1100 1727 1139 praepropere

237 1161 474 1210 corripuisse
495 1172 708 1210 possumus
730 1161 973 1209 existimare,
996 1173 1086 1199 cum
1109 1161 1143 1199 si
1164 1160 1392 1209 exemplum
1414 1172 1492 1199 non
1513 1159 1726 1207 habuisset,

237 1232 416 1269 meditari
448 1233 565 1281 paulo
597 1232 723 1281 magis
754 1235 912 1270 coactus
950 1231 1098 1270 iustum
1130 1232 1296 1269 fortasse
1328 1231 1569 1280 prooemium
1601 1230 1728 1269 elabo-

239 1306 393 1340 raturus
424 1302 554 1340 fuerit.

356 1373 455 1411 Dein
494 1372 663 1411 Socratis
702 1385 794 1422 erga
832 1373 925 1410 deos
967 1372 1092 1422 pietas
1137 1372 1272 1410 eadem
1316 1372 1465 1410 rat-ione
1507 1371 1728 1421 iisdemque

239 1456 363 1493 paene
394 1444 524 1481 verbis
556 1449 674 1494 atque
711 1444 753 1481 in
783 1444 895 1493 Apol.
929 1444 1234 1491 demonstratur,
1272 1443 1348 1483 nisi
1386 1443 1490 1493 quod
1528 1441 1728 1481 sacrificiis

238 1515 393 1564 publice
416 1515 529 1553 factis
551 1515 655 1553 domi
676 1516 780 1552 facta
801 1515 1007 1552 adduntur.
1060 1514 1160 1552 Tum
1182 1517 1331 1562 autem,
1364 1513 1547 1563 quoniam
1569 1513 1729 1551 deorum

239 1586 343 1635 apud
375 1586 556 1635 antiquos
588 1586 766 1623 homines
789 1585 919 1624 cultus
941 1586 1092 1623 duabus
1114 1585 1285 1622 maxime
1306 1585 1424 1622 rebus
1446 1584 1729 1631 continebatur,

240 1656 440 1695 sacrificiis
472 1668 572 1706 quae
605 1657 817 1695 offerebant
849 1656 933 1694 deis
964 1656 1161 1705 homines,
1194 1659 1233 1694 et
1264 1655 1432 1693 oraculis
1451 1655 1729 1704 auspiciisque,

240 1739 338 1777 quae
377 1728 423 1765 ab
456 1727 504 1765 iis
535 1727 795 1776 accipiebant,
833 1727 978 1765 mentio
1015 1727 1172 1764 illorum
1210 1727 1312 1764 facta
1348 1728 1545 1764 auctorem
1581 1725 1631 1763 de
1667 1725 1731 1763 his

239 1810 394 1848 quoque
426 1798 711 1836 commonuisse
743 1797 898 1836 videtur
919 1798 1051 1847 itaque
1072 1797 1270 1834 adduntur
1292 1809 1392 1847 quae
1414 1797 1463 1835 de
1485 1795 1729 1835 oraculorum

240 1869 423 1918 opinione
454 1881 609 1918 usuque
642 1868 812 1907 Socratis
844 1868 1039 1906 dicuntur.
1103 1868 1226 1906 Cuius
1258 1867 1416 1916 generis
1437 1867 1593 1917 quando
1626 1866 1730 1916 quod

240 1939 279 1977 in
312 1940 424 1989 Apol.
459 1940 648 1978 sacrificia
679 1939 829 1989 excipit
866 1939 1116 1977 daemonium
1156 1942 1194 1977 et
1230 1939 1361 1988 ipsum
1393 1950 1480 1976 esse
1510 1937 1731 1987 Xenophon

241 2010 488 2060 opinabatur,
532 2023 623 2049 cum
665 2011 707 2048 in
750 2010 941 2060 Apologia
984 2009 1083 2047 nihil
1125 2009 1230 2047 ultra
1272 2012 1362 2058 agat
1405 2008 1483 2046 nisi
1525 2011 1569 2046 ut
1601 2008 1730 2057 suspi-

241 2082 410 2129 cionem,
444 2094 543 2131 quae
574 2082 666 2119 inde
693 2081 925 2129 ducebatur,
958 2080 1162 2131 discutiat,
1194 2080 1260 2118 hic
1287 2080 1337 2117 ad
1367 2079 1629 2117 refellendum
1659 2078 1732 2116 im-

240 2152 397 2202 pietatis
429 2152 578 2190 crimen
615 2152 788 2190 instituit
825 2163 870 2190 eo
908 2151 965 2188 uti
1002 2151 1064 2188 his
1101 2150 1249 2188 verbis:
1288 2145 1361 2188 καὶ
1398 2153 1585 2203 μαντικῇ
1620 2145 1731 2201 χρώ-

240 2235 365 2273 μενος
396 2218 472 2262 οὐκ
505 2219 670 2276 ἀφανὴς
700 2217 757 2276 ἦν.
820 2218 1126 2276 διετεθρύλητο
1158 2218 1236 2273 γὰρ
1270 2219 1326 2267 ὡς
1358 2214 1468 2274 φαίη
1500 2215 1731 2273 Σωκράτης

242 2291 291 2332 τὸ
329 2290 554 2344 δαιμόνιον
592 2287 728 2346 ἑαυτῷ
767 2286 991 2348 σημαίνειν
1028 2289 1134 2342 κτλ.;
1180 2295 1315 2329 tamen
1359 2291 1491 2329 statim
1528 2291 1570 2328 in
1609 2291 1731 2329 solam

245 2364 541 2403 excusationem
583 2364 723 2402 recidit
766 2363 981 2414 Apologiae
1023 2363 1168 2410 vicem,
1211 2365 1256 2400 ut
1292 2374 1438 2411 anceps
1476 2362 1528 2400 sit
1565 2361 1732 2412 quodam

243 2435 357 2473 modo
388 2435 453 2473 hic
482 2435 593 2473 100115
631 2435 734 2473 inter
770 2435 956 2484 pietatem
994 2434 1167 2472 Socratis
1206 2432 1510 2471 confirmandam
1548 2435 1588 2470 et
1623 2432 1732 2469 infir-

243 2505 430 2543 mandum
462 2506 609 2544 crimen
641 2518 689 2543 ex
722 2505 923 2544 daemonio
955 2504 1177 2554 repetitum.
1241 2502 1324 2550 Quo
1353 2503 1513 2553 quidem
1534 2502 1648 2541 modo
1667 2514 1732 2540 res

244 2580 288 2614 ut
319 2576 609 2614 confundantur
639 2580 724 2614 tum
755 2576 925 2614 maxime
956 2575 1132 2614 accidere
1164 2575 1279 2622 solet,
1317 2586 1407 2612 cum
1439 2573 1584 2623 scripto
1615 2572 1732 2611 alicui

245 2646 435 2696 posterior
466 2659 604 2685 manus
635 2647 851 2685 adhibetur.

363 2717 571 2756 Disserens
602 2721 733 2756 autem
764 2718 813 2755 de
845 2716 1048 2755 daemonio
1079 2715 1169 2754 vide
1202 2727 1320 2765 quam
1351 2715 1449 2753 scite
1471 2712 1733 2764 suppresserit

246 2788 342 2826 haec
373 2789 589 2838 Apologiae
626 2789 761 2827 verba:
805 2783 894 2826 Καὶ
938 2784 1016 2839 γὰρ
1054 2780 1095 2826 οἳ
1132 2782 1346 2838 φθόγγοις
1383 2779 1543 2824 οἰωνῶν
1579 2779 1654 2822 καὶ
1691 2776 1733 2822 οἱ

366 2903 400 2946 1)
426 2903 569 2937 Eisdem
600 2902 718 2937 verbis
750 2904 906 2937 ceterum
938 2901 1104 2936 Isocratis
1135 2899 1394 2944 Panegyricum
1425 2899 1579 2943 incipere
1610 2899 1732 2932 notum

247 2964 316 3005 est,
344 2962 403 3006 qui
430 2962 651 3005 conscriptus
678 2963 731 2996 est
756 2972 845 2996 anno
872 2960 951 2996 380.
