1820 3340
278 212 329 249 16

274 328 526 378 Xenophonti
564 330 641 366 tam
683 328 848 366 multam
892 328 1029 366 tribuit
1066 340 1240 378 operam,
1285 340 1374 366 eum
1413 329 1461 367 de
1500 341 1576 379 quo
1613 329 1765 378 agimus

275 399 452 437 libellum
491 398 769 437 suavissimum
801 399 902 437 Xen.
943 399 1135 449 scriptum
1172 399 1369 449 appellat?
1381 399 1408 449 l)
1471 400 1534 437 An
1564 411 1656 438 vero
1693 400 1765 437 mi-

275 469 381 507 noris
420 469 610 507 faciemus
642 469 780 507 Dionis
814 469 1103 518 Chrysostomi,
1144 482 1319 508 summae
1356 470 1484 509 laudis
1522 470 1690 509 rhetoris
1727 474 1766 509 et
1818 454 1820 458 ¹

276 539 343 590 qui
382 544 527 590 quanto
566 539 697 578 studio
735 540 1038 590 Xenophontem
1076 540 1126 578 sit
1164 540 1339 579 imitatus
1378 541 1472 579 satis
1509 544 1678 590 constet,
1718 541 1766 580 de

274 611 349 648 hoc
386 610 519 649 libello
558 611 826 649 testimonium
873 611 978 660 quod
1020 611 1115 649 dicit
1158 623 1248 649 cum
1285 612 1518 661 Apologiam
1556 611 1595 663 (ξ
1627 611 1665 662 6)
1703 612 1766 650 his

275 681 406 719 verbis
450 681 626 719 imitatur
670 683 735 732 (or.
768 681 965 730 XXVIII,
1008 682 1273 720 Melancomae
1318 686 1462 720 sortem
1505 682 1766 732 praedicans):

281 747 469 806 »ἀνάγκη
491 749 568 805 γὰρ
599 748 712 804 αὐτῷ
739 747 786 806 ἦν
813 746 1097 802 προβαίνοντι
1121 748 1216 791 ἀντὶ
1237 748 1316 803 μὲν
1337 747 1568 792 καλλίστου
1591 747 1765 806 αἰσχρό-

277 835 384 875 τερῳ
416 817 721 875 γίγνεσθαι“.2)

396 892 504 941 Quae
542 898 674 932 autem
711 894 776 932 hic
813 894 1060 943 collegimus,
1098 894 1191 933 licet
1233 907 1310 932 non
1346 894 1482 932 eodem
1521 895 1652 932 omnia
1689 894 1768 933 sint

276 968 490 1013 momento,
522 968 654 1003 tamen
681 965 714 1003 si
741 965 970 1014 diligentius
1001 966 1241 1015 inspexeris,
1273 965 1357 1004 fieri
1388 978 1465 1003 non
1496 969 1641 1015 potest,
1673 965 1768 1016 quin

276 1035 369 1073 talia
413 1047 500 1074 esse
543 1036 740 1085 permulta
782 1035 950 1085 iudices,
999 1040 1044 1074 ut
1087 1037 1135 1074 de
1178 1036 1453 1086 interpolatore
1495 1036 1768 1086 Xenophontis

278 1106 513 1156 scripturam
550 1107 728 1144 imitante
767 1107 876 1145 nullo
914 1111 1028 1157 pacto
1065 1107 1190 1156 possit
1221 1106 1399 1157 cogitari,
1438 1107 1515 1145 nisi
1546 1107 1646 1146 forte
1677 1119 1765 1145 eum

278 1177 386 1215 illius
409 1177 667 1215 elocutionem
691 1177 993 1226 diligentissime
1015 1177 1241 1228 explorasse
1264 1181 1302 1216 et
1323 1178 1482 1227 penitus
1507 1178 1772 1230 perspexisse,

276 1252 523 1298 perspectam
567 1249 732 1286 artificio
772 1248 991 1286 incredibili
1030 1249 1146 1298 plane
1183 1252 1223 1287 et
1261 1249 1376 1299 quale
1414 1249 1455 1286 in
1492 1249 1768 1298 interpolatore

277 1318 420 1357 vellem
465 1319 561 1356 mihi
606 1319 816 1369 quisquam
861 1323 1112 1367 monstraret,
1156 1319 1353 1357 imitatum
1396 1331 1482 1358 esse
1521 1319 1654 1358 sumis.
1717 1319 1769 1358 Ut

277 1401 371 1427 vero
409 1390 483 1428 hoc
520 1390 561 1427 in
599 1390 772 1427 animum
811 1390 998 1428 inducere
1036 1390 1183 1440 possis:
1225 1391 1329 1440 quod
1366 1390 1525 1428 tandem
1561 1390 1765 1429 consilium

280 1463 439 1498 secutus
470 1464 618 1499 tantam
650 1461 881 1510 ingeniosus
912 1461 981 1500 ille
1013 1462 1127 1499 homo
1157 1473 1313 1511 operam
1340 1462 1383 1498 in
1409 1461 1543 1499 libello
1566 1461 1770 1500 collocavit

277 1534 355 1569 tam
389 1531 599 1570 mediocri?
660 1532 841 1582 Namque
880 1532 957 1569 nisi
991 1532 1197 1570 consilium
1229 1532 1423 1582 quoddam
1454 1532 1700 1570 reconditum
1730 1536 1770 1570 et

279 1602 382 1652 quod
415 1614 554 1652 operae
586 1603 646 1640 illi
678 1603 719 1640 in
750 1603 967 1641 imitatione
1000 1603 1191 1641 sermonis
1217 1606 1471 1652 consumptae
1497 1603 1629 1653 aliquo
1654 1603 1769 1641 modo

279 1674 523 1723 respondeat,
545 1673 713 1711 inveniri
734 1677 874 1723 potest,
896 1673 982 1724 ipsa
1003 1674 1167 1712 imitatio
1189 1673 1346 1712 omnino
1368 1686 1445 1712 non
1466 1678 1526 1712 est
1547 1673 1769 1724 probabilis.

444 1811 476 1868 ξ
499 1811 542 1856 3.
595 1812 663 1855 De
694 1812 952 1868 Apologiae
985 1813 1188 1857 consilio
1221 1815 1269 1856 ct
1301 1814 1600 1867 argumento.

398 1897 519 1947 Atqui
547 1909 623 1947 quo
651 1898 814 1936 consilio
846 1897 1006 1936 libellus
1040 1898 1091 1935 sit
1122 1898 1383 1948 conscriptus,
1417 1910 1508 1936 sane
1540 1897 1771 1947 simpliciter

280 1968 477 2020 planeque
522 1972 561 2006 et
604 1969 674 2017 ita,
718 1972 763 2006 ut
806 1968 995 2006 dubitatio
1039 1969 1285 2019 relinquatur
1326 1969 1452 2017 nulla,
1496 1968 1640 2006 dicitur
1679 1967 1768 2019 §1:

281 2039 427 2077 multos
459 2039 564 2077 enim
593 2051 680 2077 esse
701 2039 901 2091 audimus,
937 2039 1003 2089 qui
1034 2040 1082 2077 de
1110 2040 1278 2078 Socratis
1299 2040 1525 2078 defensione
1547 2044 1586 2077 et
1607 2043 1731 2077 morte
1742 2038 1771 2089 3)

281 2109 527 2159 scripserint,
561 2110 630 2148 sed
653 2122 697 2148 eo
719 2123 853 2148 omnes
885 2123 975 2148 cum
1006 2110 1117 2156 vitio,
1150 2114 1210 2158 ut,
1243 2123 1361 2160 quam
1393 2110 1572 2149 Socrates
1603 2122 1695 2160 prae
1729 2122 1770 2148 se

282 2180 417 2218 tulerit
453 2175 778 2235 μεγαληγορίαν,
817 2181 925 2218 illam
964 2181 1123 2230 quidem
1160 2185 1266 2219 recte
1304 2182 1589 2230 expresserint,
1628 2181 1770 2230 quibus

280 2255 409 2289 autem
448 2251 663 2290 rationibus
702 2252 892 2290 adductus
931 2264 976 2290 ea
1012 2264 1108 2290 usus
1147 2252 1214 2300 sit,
1252 2264 1330 2290 non
1361 2251 1678 2301 explanaverint;
1717 2251 1771 2290 ita

280 2322 382 2370 fieri,
420 2326 464 2360 ut
496 2323 653 2361 omnino
684 2335 762 2361 non
793 2323 909 2361 certis
942 2323 1176 2373 quibusdam
1208 2322 1423 2361 rationibus
1454 2322 1668 2372 impulsus,
1702 2322 1770 2361 sed

280 2396 426 2431 temere
478 2393 697 2432 ostendisse
740 2394 920 2432 videatur
969 2394 1343 2444 magniloquentiam
1386 2393 1547 2432 consilio
1591 2405 1660 2432 suo
1704 2393 1770 2446 (τῇ

284 2458 455 2517 διανοίᾳ
489 2463 512 2515 ξ
539 2465 578 2513 2)
610 2477 751 2514 parum
781 2465 1122 2502 accommodatam.

402 2591 435 2633 1)
461 2590 544 2623 Var.
571 2590 668 2624 Lect.
695 2601 727 2634 p.
749 2590 828 2625 379.

401 2649 435 2692 2)
464 2648 577 2691 Quem
604 2649 721 2683 locum
752 2649 888 2692 primus
921 2649 1068 2683 contulit
1100 2649 1215 2693 Geel,
1247 2649 1301 2683 De
1327 2648 1576 2694 Xenophontis
1602 2648 1769 2693 Apologia

283 2707 438 2742 Socratis
465 2718 503 2742 ac
530 2710 710 2751 postremo
736 2707 929 2742 Memorab.
957 2708 1087 2751 capite,
1114 2708 1225 2751 Lugd.
1254 2708 1495 2749 Batav.1836,
1523 2719 1555 2752 p.
1571 2707 1626 2742 23.

402 2767 437 2810 3)
464 2767 520 2800 Ad
545 2767 609 2801 has
637 2767 731 2800 enim
757 2778 863 2801 voces
890 2767 1120 2800 referendiun
1148 2777 1224 2801 esse
1252 2769 1397 2810 apparet
1421 2766 1508 2801 illud
1534 2769 1617 2811 περὶ
1635 2767 1767 2800 τούτου

283 2826 351 2868 §L
379 2836 450 2859 non
476 2826 518 2859 ad
546 2827 592 2864 ὡς
617 2826 857 2868 ἐβουλεύσατο
884 2825 918 2859 id
946 2826 1037 2869 quod
1055 2826 1284 2870 grammatica
1300 2825 1464 2870 postulat.
1504 2825 1616 2860 Simili
1632 2824 1769 2859 incuria

284 2885 337 2928 §7
368 2884 439 2917 ὑπὸ
466 2891 537 2917 τῶν
562 2886 695 2918 τούτου
723 2885 1029 2931 ἐπιμεληθέντων,
1058 2885 1111 2929 §S
1138 2891 1246 2918 τοῦτο
1274 2884 1409 2919 scilicet
1434 2885 1474 2918 τὸ
1501 2885 1736 2930 ἀποφεύγειν.
