<?xml version="1.0" encoding="UTF-8"?>
<!DOCTYPE html PUBLIC "-//W3C//DTD XHTML 1.0 Transitional//EN"
    "http://www.w3.org/TR/xhtml1/DTD/xhtml1-transitional.dtd">
<html xmlns="http://www.w3.org/1999/xhtml" xml:lang="en" lang="en">
 <head>
  <title>
</title>
<meta http-equiv="Content-Type" content="text/html;charset=utf-8" />
  <meta name='ocr-system' content='tesseract 3.04.00' />
  <meta name='ocr-capabilities' content='ocr_page ocr_carea ocr_par ocr_line ocrx_word'/>
</head>
<body>
  <div class='ocr_page' id='page_1' title='image "./xenophontisqvaef00fricuoft_0094.png"; bbox 0 0 1820 3340; ppageno 0'>
   <div class='ocr_carea' id='block_1_1' title="bbox 251 241 304 280">
    <p class='ocr_par' dir='ltr' id='par_1_1' title="bbox 251 241 304 280">
     <span class='ocr_line' id='line_1_1' title="bbox 251 241 304 280; baseline -0.019 0"><span class='ocrx_word' id='word_1_1' title='bbox 251 241 304 280; x_wconf 84' lang='lat'>90</span> 
     </span>
    </p>
   </div>
   <div class='ocr_carea' id='block_1_2' title="bbox 248 353 1740 616">
    <p class='ocr_par' dir='ltr' id='par_1_2' title="bbox 248 353 1740 616">
     <span class='ocr_line' id='line_1_2' title="bbox 248 353 1740 405; baseline -0.003 -9"><span class='ocrx_word' id='word_1_2' title='bbox 248 358 411 396; x_wconf 82' lang='lat' dir='ltr'>alterius</span> <span class='ocrx_word' id='word_1_3' title='bbox 448 357 662 405; x_wconf 81' lang='lat' dir='ltr'>imaginem</span> <span class='ocrx_word' id='word_1_4' title='bbox 700 367 788 394; x_wconf 88' lang='lat' dir='ltr'>esse</span> <span class='ocrx_word' id='word_1_5' title='bbox 825 354 1077 393; x_wconf 86' lang='lat' dir='ltr'>manifestum</span> <span class='ocrx_word' id='word_1_6' title='bbox 1115 356 1192 402; x_wconf 91' lang='lat' dir='ltr'>est,</span> <span class='ocrx_word' id='word_1_7' title='bbox 1231 365 1296 392; x_wconf 86' lang='lat' dir='ltr'>eas</span> <span class='ocrx_word' id='word_1_8' title='bbox 1323 354 1459 392; x_wconf 86' lang='lat' dir='ltr'>ambas</span> <span class='ocrx_word' id='word_1_9' title='bbox 1491 353 1610 392; x_wconf 90' lang='lat' dir='ltr'>simul</span> <span class='ocrx_word' id='word_1_10' title='bbox 1639 353 1740 392; x_wconf 85' lang='lat' dir='ltr'>reci-</span> 
     </span>
     <span class='ocr_line' id='line_1_3' title="bbox 249 424 1738 479; baseline -0.003 -12"><span class='ocrx_word' id='word_1_11' title='bbox 249 440 341 479; x_wconf 87' lang='lat' dir='ltr'>pere</span> <span class='ocrx_word' id='word_1_12' title='bbox 372 440 451 466; x_wconf 89' lang='lat' dir='ltr'>non</span> <span class='ocrx_word' id='word_1_13' title='bbox 481 425 673 476; x_wconf 80' lang='lat' dir='ltr'>dubitatl)</span> <span class='ocrx_word' id='word_1_14' title='bbox 705 448 761 453; x_wconf 84' lang='lat'><strong>—</strong></span> <span class='ocrx_word' id='word_1_15' title='bbox 795 425 866 463; x_wconf 84' lang='lat' dir='ltr'>sed</span> <span class='ocrx_word' id='word_1_16' title='bbox 897 427 978 463; x_wconf 86' lang='lat' dir='ltr'>tota</span> <span class='ocrx_word' id='word_1_17' title='bbox 1008 425 1085 463; x_wconf 85' lang='lat' dir='ltr'>ista</span> <span class='ocrx_word' id='word_1_18' title='bbox 1104 424 1256 462; x_wconf 83' lang='lat' dir='ltr'>ratione</span> <span class='ocrx_word' id='word_1_19' title='bbox 1283 425 1506 474; x_wconf 88' lang='lat' dir='ltr'>perversius</span> <span class='ocrx_word' id='word_1_20' title='bbox 1528 424 1738 474; x_wconf 84' lang='lat' dir='ltr'>quicquam</span> 
     </span>
     <span class='ocr_line' id='line_1_4' title="bbox 249 494 1739 548; baseline -0.003 -11"><span class='ocrx_word' id='word_1_21' title='bbox 249 498 536 548; x_wconf 81' lang='lat' dir='ltr'><strong>absurdiusque</strong></span> <span class='ocrx_word' id='word_1_22' title='bbox 568 497 635 534; x_wconf 83' lang='lat' dir='ltr'>vix</span> <span class='ocrx_word' id='word_1_23' title='bbox 667 496 762 545; x_wconf 85' lang='lat' dir='ltr'>fingi</span> <span class='ocrx_word' id='word_1_24' title='bbox 784 507 917 545; x_wconf 82' lang='lat' dir='ltr'>posse,</span> <span class='ocrx_word' id='word_1_25' title='bbox 949 495 1025 533; x_wconf 88' lang='lat' dir='ltr'>nisi</span> <span class='ocrx_word' id='word_1_26' title='bbox 1048 495 1115 545; x_wconf 82' lang='lat' dir='ltr'>qui</span> <span class='ocrx_word' id='word_1_27' title='bbox 1137 495 1243 533; x_wconf 91' lang='lat' dir='ltr'>omni</span> <span class='ocrx_word' id='word_1_28' title='bbox 1265 507 1396 533; x_wconf 85' lang='lat' dir='ltr'>rerum</span> <span class='ocrx_word' id='word_1_29' title='bbox 1416 494 1739 545; x_wconf 84' lang='lat' dir='ltr'>philologicarum</span> 
     </span>
     <span class='ocr_line' id='line_1_5' title="bbox 252 566 1330 616; baseline -0.005 -8"><span class='ocrx_word' id='word_1_30' title='bbox 252 581 371 608; x_wconf 85' lang='lat' dir='ltr'>sensu</span> <span class='ocrx_word' id='word_1_31' title='bbox 403 568 618 606; x_wconf 83' lang='lat' dir='ltr'>destitutus</span> <span class='ocrx_word' id='word_1_32' title='bbox 650 571 727 615; x_wconf 86' lang='lat' dir='ltr'>est,</span> <span class='ocrx_word' id='word_1_33' title='bbox 759 579 838 604; x_wconf 91' lang='lat' dir='ltr'>non</span> <span class='ocrx_word' id='word_1_34' title='bbox 870 569 999 616; x_wconf 81' lang='lat' dir='ltr'>potest</span> <span class='ocrx_word' id='word_1_35' title='bbox 1029 578 1107 604; x_wconf 90' lang='lat' dir='ltr'>non</span> <span class='ocrx_word' id='word_1_36' title='bbox 1140 566 1330 615; x_wconf 56' lang='lat' dir='ltr'>sentiress)</span> 
     </span>
    </p>
   </div>
   <div class='ocr_carea' id='block_1_3' title="bbox 251 648 1743 985">
    <p class='ocr_par' dir='ltr' id='par_1_3' title="bbox 251 648 1743 985">
     <span class='ocr_line' id='line_1_6' title="bbox 367 648 1739 700; baseline -0.002 -11"><span class='ocrx_word' id='word_1_37' title='bbox 367 651 477 690; x_wconf 87' lang='lat' dir='ltr'>Nihil</span> <span class='ocrx_word' id='word_1_38' title='bbox 508 650 630 700; x_wconf 79' lang='lat' dir='ltr'>igitur</span> <span class='ocrx_word' id='word_1_39' title='bbox 661 650 804 687; x_wconf 87' lang='lat' dir='ltr'>mirum</span> <span class='ocrx_word' id='word_1_40' title='bbox 835 649 938 699; x_wconf 83' lang='lat' dir='ltr'>quod</span> <span class='ocrx_word' id='word_1_41' title='bbox 970 649 1056 698; x_wconf 87' lang='lat' dir='ltr'>ipse</span> <span class='ocrx_word' id='word_1_42' title='bbox 1088 652 1224 698; x_wconf 87' lang='lat' dir='ltr'>postea</span> <span class='ocrx_word' id='word_1_43' title='bbox 1255 661 1277 686; x_wconf 87' lang='lat' dir='ltr'>a</span> <span class='ocrx_word' id='word_1_44' title='bbox 1308 660 1378 687; x_wconf 85' lang='lat' dir='ltr'>sua</span> <span class='ocrx_word' id='word_1_45' title='bbox 1409 648 1619 696; x_wconf 85' lang='lat' dir='ltr'>sententia,</span> <span class='ocrx_word' id='word_1_46' title='bbox 1651 660 1739 686; x_wconf 91' lang='lat' dir='ltr'>cum</span> 
     </span>
     <span class='ocr_line' id='line_1_7' title="bbox 251 718 1742 772; baseline -0.003 -12"><span class='ocrx_word' id='word_1_47' title='bbox 251 724 352 761; x_wconf 87' lang='lat' dir='ltr'>hanc</span> <span class='ocrx_word' id='word_1_48' title='bbox 392 722 661 772; x_wconf 83' lang='lat' dir='ltr'>quaestionem</span> <span class='ocrx_word' id='word_1_49' title='bbox 699 719 984 771; x_wconf 84' lang='lat' dir='ltr'>retractaret3),</span> <span class='ocrx_word' id='word_1_50' title='bbox 1029 719 1228 767; x_wconf 77' lang='lat' dir='ltr'>discessit,</span> <span class='ocrx_word' id='word_1_51' title='bbox 1272 726 1390 768; x_wconf 83' lang='lat' dir='ltr'>atque</span> <span class='ocrx_word' id='word_1_52' title='bbox 1431 719 1542 756; x_wconf 88' lang='lat' dir='ltr'>illius</span> <span class='ocrx_word' id='word_1_53' title='bbox 1578 718 1657 756; x_wconf 86' lang='lat' dir='ltr'>iam</span> <span class='ocrx_word' id='word_1_54' title='bbox 1692 730 1742 757; x_wconf 91' lang='lat' dir='ltr'>ne</span> 
     </span>
     <span class='ocr_line' id='line_1_8' title="bbox 252 783 1742 842; baseline -0.004 -10"><span class='ocrx_word' id='word_1_55' title='bbox 252 793 494 832; x_wconf 78' lang='lat' dir='ltr'>mentionem</span> <span class='ocrx_word' id='word_1_56' title='bbox 516 792 675 842; x_wconf 84' lang='lat' dir='ltr'>quidem</span> <span class='ocrx_word' id='word_1_57' title='bbox 707 791 811 829; x_wconf 75' lang='lat' dir='ltr'>fecit.</span> <span class='ocrx_word' id='word_1_58' title='bbox 863 790 948 828; x_wconf 90' lang='lat' dir='ltr'>Nec</span> <span class='ocrx_word' id='word_1_59' title='bbox 979 793 1110 828; x_wconf 87' lang='lat' dir='ltr'>tamen</span> <span class='ocrx_word' id='word_1_60' title='bbox 1142 790 1305 828; x_wconf 77' lang='lat' dir='ltr'>fuerunt</span> <span class='ocrx_word' id='word_1_61' title='bbox 1326 783 1370 827; x_wconf 78' lang='grc' dir='ltr'><em>αἳ</em></span> <span class='ocrx_word' id='word_1_62' title='bbox 1394 786 1586 842; x_wconf 78' lang='grc' dir='ltr'><em>δεύτεραι</em></span> <span class='ocrx_word' id='word_1_63' title='bbox 1609 801 1742 842; x_wconf 84' lang='grc' dir='ltr'><em>φρον-</em></span> 
     </span>
     <span class='ocr_line' id='line_1_9' title="bbox 253 858 1741 917; baseline -0.003 -14"><span class='ocrx_word' id='word_1_64' title='bbox 253 858 368 911; x_wconf 80' lang='grc' dir='ltr'><em>τίδες</em></span> <span class='ocrx_word' id='word_1_65' title='bbox 400 860 666 917; x_wconf 80' lang='grc' dir='ltr'><em>σοφώτεραι;</em></span> <span class='ocrx_word' id='word_1_66' title='bbox 700 875 790 900; x_wconf 89' lang='lat' dir='ltr'>nam</span> <span class='ocrx_word' id='word_1_67' title='bbox 823 874 913 900; x_wconf 90' lang='lat' dir='ltr'>cum</span> <span class='ocrx_word' id='word_1_68' title='bbox 945 861 1069 910; x_wconf 82' lang='lat' dir='ltr'>primo</span> <span class='ocrx_word' id='word_1_69' title='bbox 1100 873 1269 911; x_wconf 85' lang='lat' dir='ltr'>aequum</span> <span class='ocrx_word' id='word_1_70' title='bbox 1303 860 1441 899; x_wconf 88' lang='lat' dir='ltr'>saltem</span> <span class='ocrx_word' id='word_1_71' title='bbox 1464 872 1506 898; x_wconf 89' lang='lat' dir='ltr'>se</span> <span class='ocrx_word' id='word_1_72' title='bbox 1528 860 1741 910; x_wconf 85' lang='lat' dir='ltr'>Apologiae</span> 
     </span>
     <span class='ocr_line' id='line_1_10' title="bbox 253 931 1743 985; baseline -0.003 -12"><span class='ocrx_word' id='word_1_73' title='bbox 253 934 511 985; x_wconf 84' lang='lat' dir='ltr'>praestiterit,</span> <span class='ocrx_word' id='word_1_74' title='bbox 543 934 621 972; x_wconf 86' lang='lat' dir='ltr'>iam</span> <span class='ocrx_word' id='word_1_75' title='bbox 652 934 693 970; x_wconf 88' lang='lat' dir='ltr'>in</span> <span class='ocrx_word' id='word_1_76' title='bbox 725 932 998 971; x_wconf 81' lang='lat' dir='ltr'>Valckenaerii</span> <span class='ocrx_word' id='word_1_77' title='bbox 1031 931 1267 970; x_wconf 77' lang='lat' dir='ltr'>sententiam</span> <span class='ocrx_word' id='word_1_78' title='bbox 1305 933 1575 980; x_wconf 86' lang='lat' dir='ltr'>transgressus</span> <span class='ocrx_word' id='word_1_79' title='bbox 1613 931 1743 969; x_wconf 80' lang='lat' dir='ltr'>furore</span> 
     </span>
    </p>
   </div>
   <div class='ocr_carea' id='block_1_4' title="bbox 253 1080 1750 2956">
    <p class='ocr_par' dir='ltr' id='par_1_4' title="bbox 253 1080 1748 1779">
     <span class='ocr_line' id='line_1_11' title="bbox 377 1080 1743 1130; baseline -0.004 -11"><span class='ocrx_word' id='word_1_80' title='bbox 377 1086 411 1130; x_wconf 85' lang='lat'>1)</span> <span class='ocrx_word' id='word_1_81' title='bbox 438 1085 548 1119; x_wconf 87' lang='lat' dir='ltr'>Velut</span> <span class='ocrx_word' id='word_1_82' title='bbox 573 1084 660 1119; x_wconf 86' lang='lat' dir='ltr'>haec</span> <span class='ocrx_word' id='word_1_83' title='bbox 686 1083 867 1118; x_wconf 75' lang='lat' dir='ltr'>Socratem</span> <span class='ocrx_word' id='word_1_84' title='bbox 899 1082 1075 1117; x_wconf 82' lang='lat' dir='ltr'>dicentem</span> <span class='ocrx_word' id='word_1_85' title='bbox 1108 1081 1208 1116; x_wconf 77' lang='lat' dir='ltr'>facit:</span> <span class='ocrx_word' id='word_1_86' title='bbox 1244 1081 1343 1126; x_wconf 64' lang='lat'><em>‘0913</em></span> <span class='ocrx_word' id='word_1_87' title='bbox 1378 1080 1408 1114; x_wconf 81' lang='grc' dir='ltr'>δ’</span> <span class='ocrx_word' id='word_1_88' title='bbox 1443 1080 1556 1125; x_wconf 73' lang='grc' dir='ltr'><em>ἔγωγε</em></span> <span class='ocrx_word' id='word_1_89' title='bbox 1585 1081 1647 1114; x_wconf 83' lang='grc' dir='ltr'><em>καὶ</em></span> <span class='ocrx_word' id='word_1_90' title='bbox 1678 1080 1743 1122; x_wconf 85' lang='grc' dir='ltr'>τὴν</span> 
     </span>
     <span class='ocr_line' id='line_1_12' title="bbox 256 1140 1744 1189; baseline -0.005 -10"><span class='ocrx_word' id='word_1_91' title='bbox 256 1145 364 1182; x_wconf 74' lang='grc' dir='ltr'><em>δόξαν</em></span> <span class='ocrx_word' id='word_1_92' title='bbox 390 1151 462 1177; x_wconf 86' lang='grc' dir='ltr'>τῶν</span> <span class='ocrx_word' id='word_1_93' title='bbox 482 1143 764 1189; x_wconf 75' lang='grc' dir='ltr'>προγεγονότων</span> <span class='ocrx_word' id='word_1_94' title='bbox 791 1142 1000 1188; x_wconf 72' lang='grc' dir='ltr'><em>ἀνθρώπων</em></span> <span class='ocrx_word' id='word_1_95' title='bbox 1026 1142 1064 1174; x_wconf 74' lang='grc' dir='ltr'>ἐν</span> <span class='ocrx_word' id='word_1_96' title='bbox 1090 1145 1165 1179; x_wconf 83' lang='grc' dir='ltr'><em>τοῖς</em></span> <span class='ocrx_word' id='word_1_97' title='bbox 1191 1141 1490 1186; x_wconf 71' lang='grc' dir='ltr'><em>ἐπιγιγνομένοις</em></span> <span class='ocrx_word' id='word_1_98' title='bbox 1515 1140 1582 1184; x_wconf 75' lang='grc' dir='ltr'><em>οὐχ</em></span> <span class='ocrx_word' id='word_1_99' title='bbox 1607 1140 1744 1185; x_wconf 79' lang='grc' dir='ltr'><strong><em>ὁμοίαν</em></strong></span> 
     </span>
     <span class='ocr_line' id='line_1_13' title="bbox 253 1199 1743 1249; baseline -0.004 -12"><span class='ocrx_word' id='word_1_100' title='bbox 253 1206 573 1249; x_wconf 75' lang='grc' dir='ltr'><em>καταλειπομένην</em></span> <span class='ocrx_word' id='word_1_101' title='bbox 605 1209 676 1235; x_wconf 82' lang='grc' dir='ltr'>τῶν</span> <span class='ocrx_word' id='word_1_102' title='bbox 707 1214 743 1235; x_wconf 87' lang='grc' dir='ltr'><em>τε</em></span> <span class='ocrx_word' id='word_1_103' title='bbox 777 1201 1025 1243; x_wconf 75' lang='grc' dir='ltr'><em>ἀδικησάντων</em></span> <span class='ocrx_word' id='word_1_104' title='bbox 1056 1202 1117 1233; x_wconf 90' lang='grc' dir='ltr'><em>καὶ</em></span> <span class='ocrx_word' id='word_1_105' title='bbox 1148 1207 1220 1233; x_wconf 86' lang='grc' dir='ltr'>τῶν</span> <span class='ocrx_word' id='word_1_106' title='bbox 1252 1199 1510 1242; x_wconf 73' lang='grc' dir='ltr'><em>ἀδικηθέντων.</em></span> <span class='ocrx_word' id='word_1_107' title='bbox 1562 1202 1743 1244; x_wconf 86' lang='grc' dir='ltr'><em>Παραμυ-</em></span> 
     </span>
     <span class='ocr_line' id='line_1_14' title="bbox 256 1257 1744 1307; baseline -0.003 -12"><span class='ocrx_word' id='word_1_108' title='bbox 256 1267 377 1297; x_wconf 66' lang='grc' dir='ltr'><em>ι’)-εῑται</em></span> <span class='ocrx_word' id='word_1_109' title='bbox 403 1262 433 1296; x_wconf 82' lang='grc' dir='ltr'>δ’</span> <span class='ocrx_word' id='word_1_110' title='bbox 461 1262 513 1296; x_wconf 77' lang='grc' dir='ltr'>ἔτι</span> <span class='ocrx_word' id='word_1_111' title='bbox 538 1273 586 1307; x_wconf 89' lang='grc' dir='ltr'><em>με</em></span> <span class='ocrx_word' id='word_1_112' title='bbox 613 1260 841 1306; x_wconf 75' lang='grc' dir='ltr'><em>,Παλαμήδης</em></span> <span class='ocrx_word' id='word_1_113' title='bbox 873 1261 892 1292; x_wconf 88' lang='grc' dir='ltr'><em>ὁ</em></span> <span class='ocrx_word' id='word_1_114' title='bbox 918 1261 1182 1304; x_wconf 73' lang='grc' dir='ltr'><em>παραπλησίως</em></span> <span class='ocrx_word' id='word_1_115' title='bbox 1214 1259 1299 1304; x_wconf 72' lang='grc' dir='ltr'><em>ἐμοὶ</em></span> <span class='ocrx_word' id='word_1_116' title='bbox 1331 1259 1558 1299; x_wconf 78' lang='grc' dir='ltr'>τελευτήσας·</span> <span class='ocrx_word' id='word_1_117' title='bbox 1592 1257 1643 1291; x_wconf 77' lang='grc' dir='ltr'>ἔτι</span> <span class='ocrx_word' id='word_1_118' title='bbox 1674 1257 1744 1302; x_wconf 76' lang='grc' dir='ltr'>γὰρ</span> 
     </span>
     <span class='ocr_line' id='line_1_15' title="bbox 254 1316 1746 1366; baseline -0.004 -11"><span class='ocrx_word' id='word_1_119' title='bbox 254 1325 315 1356; x_wconf 88' lang='grc' dir='ltr'><em>καὶ</em></span> <span class='ocrx_word' id='word_1_120' title='bbox 340 1328 405 1354; x_wconf 80' lang='grc' dir='ltr'>νῦν</span> <span class='ocrx_word' id='word_1_121' title='bbox 431 1321 527 1354; x_wconf 82' lang='grc' dir='ltr'><em>πολὺ</em></span> <span class='ocrx_word' id='word_1_122' title='bbox 559 1322 727 1358; x_wconf 76' lang='grc' dir='ltr'>καλλίους</span> <span class='ocrx_word' id='word_1_123' title='bbox 761 1320 898 1366; x_wconf 78' lang='grc' dir='ltr'><em>ὕμνους</em></span> <span class='ocrx_word' id='word_1_124' title='bbox 929 1322 1127 1363; x_wconf 70' lang='grc' dir='ltr'><em>παρέχεται</em></span> <span class='ocrx_word' id='word_1_125' title='bbox 1150 1317 1353 1355; x_wconf 75' lang='grc' dir='ltr'><em>Ὀδυσσέως</em></span> <span class='ocrx_word' id='word_1_126' title='bbox 1389 1323 1457 1350; x_wconf 85' lang='grc' dir='ltr'><em>τοῦ</em></span> <span class='ocrx_word' id='word_1_127' title='bbox 1488 1316 1619 1355; x_wconf 83' lang='grc' dir='ltr'><em>ἀδίκως</em></span> <span class='ocrx_word' id='word_1_128' title='bbox 1650 1317 1746 1350; x_wconf 82' lang='grc' dir='ltr'><em>ἀπο-</em></span> 
     </span>
     <span class='ocr_line' id='line_1_16' title="bbox 255 1374 1745 1422; baseline -0.005 -7"><span class='ocrx_word' id='word_1_129' title='bbox 255 1384 460 1418; x_wconf 75' lang='grc' dir='ltr'><em>κτείναντος</em></span> <span class='ocrx_word' id='word_1_130' title='bbox 487 1380 607 1413; x_wconf 79' lang='grc' dir='ltr'><em>αὐτόν.</em></span> <span class='ocrx_word' id='word_1_131' title='bbox 662 1378 752 1413; x_wconf 73' lang='grc' dir='ltr'><em>Οἶδα</em></span> <span class='ocrx_word' id='word_1_132' title='bbox 785 1378 823 1412; x_wconf 78' lang='grc' dir='ltr'>δὲ</span> <span class='ocrx_word' id='word_1_133' title='bbox 856 1377 912 1411; x_wconf 81' lang='grc' dir='ltr'>ὅτι</span> <span class='ocrx_word' id='word_1_134' title='bbox 942 1379 1004 1410; x_wconf 61' lang='grc' dir='ltr'><em>καὶ»</em></span> <span class='ocrx_word' id='word_1_135' title='bbox 1035 1377 1106 1421; x_wconf 74' lang='grc' dir='ltr'>ἐγὼ</span> <span class='ocrx_word' id='word_1_136' title='bbox 1139 1377 1348 1422; x_wconf 80' lang='grc' dir='ltr'>ἐπιμελείας</span> <span class='ocrx_word' id='word_1_137' title='bbox 1379 1375 1556 1422; x_wconf 80' lang='grc' dir='ltr'>τεύξομαι</span> <span class='ocrx_word' id='word_1_138' title='bbox 1588 1374 1648 1408; x_wconf 84' lang='grc' dir='ltr'>ὑπ’</span> <span class='ocrx_word' id='word_1_139' title='bbox 1681 1375 1745 1408; x_wconf 79' lang='grc' dir='ltr'>ἀν·</span> 
     </span>
     <span class='ocr_line' id='line_1_17' title="bbox 258 1433 1746 1483; baseline -0.004 -10"><span class='ocrx_word' id='word_1_140' title='bbox 258 1441 427 1483; x_wconf 53' lang='grc' dir='ltr'>ι’)’ρώπωω</span> <span class='ocrx_word' id='word_1_141' title='bbox 454 1440 514 1472; x_wconf 90' lang='grc' dir='ltr'><em>καὶ</em></span> <span class='ocrx_word' id='word_1_142' title='bbox 540 1439 603 1472; x_wconf 75' lang='grc' dir='ltr'>ἐὰν</span> <span class='ocrx_word' id='word_1_143' title='bbox 628 1444 693 1471; x_wconf 86' lang='grc' dir='ltr'>νῦν</span> <span class='ocrx_word' id='word_1_144' title='bbox 714 1438 910 1477; x_wconf 73' lang='grc' dir='ltr'><em>ἀποθάνω,</em></span> <span class='ocrx_word' id='word_1_145' title='bbox 940 1437 1005 1481; x_wconf 76' lang='grc' dir='ltr'><em>οὐχ</em></span> <span class='ocrx_word' id='word_1_146' title='bbox 1025 1437 1161 1482; x_wconf 80' lang='grc' dir='ltr'><em>ὁμοίως</em></span> <span class='ocrx_word' id='word_1_147' title='bbox 1179 1439 1255 1473; x_wconf 83' lang='grc' dir='ltr'><em>τοῖς</em></span> <span class='ocrx_word' id='word_1_148' title='bbox 1275 1435 1339 1481; x_wconf 72' lang='grc' dir='ltr'>ἐμὲ</span> <span class='ocrx_word' id='word_1_149' title='bbox 1362 1435 1634 1469; x_wconf 80' lang='grc' dir='ltr'><em>ἀποκτείνασιν·</em></span> <span class='ocrx_word' id='word_1_150' title='bbox 1663 1433 1746 1468; x_wconf 81' lang='grc' dir='ltr'><em>οἶδα</em></span> 
     </span>
     <span class='ocr_line' id='line_1_18' title="bbox 256 1494 1745 1544; baseline -0.004 -12"><span class='ocrx_word' id='word_1_151' title='bbox 256 1500 324 1544; x_wconf 62' lang='grc' dir='ltr'>γὰρ</span> <span class='ocrx_word' id='word_1_152' title='bbox 351 1498 406 1532; x_wconf 81' lang='grc' dir='ltr'>ὅτι</span> <span class='ocrx_word' id='word_1_153' title='bbox 433 1499 516 1544; x_wconf 73' lang='grc' dir='ltr'><em>ἐμοὶ</em></span> <span class='ocrx_word' id='word_1_154' title='bbox 543 1498 816 1544; x_wconf 76' lang='grc' dir='ltr'><em>μαρτυρήσεται</em></span> <span class='ocrx_word' id='word_1_155' title='bbox 845 1497 915 1528; x_wconf 85' lang='grc' dir='ltr'>ὑπό</span> <span class='ocrx_word' id='word_1_156' title='bbox 941 1507 978 1529; x_wconf 86' lang='grc' dir='ltr'><em>τε</em></span> <span class='ocrx_word' id='word_1_157' title='bbox 1004 1501 1070 1528; x_wconf 82' lang='grc' dir='ltr'><em>τοῦ</em></span> <span class='ocrx_word' id='word_1_158' title='bbox 1096 1495 1264 1532; x_wconf 75' lang='grc' dir='ltr'><em>ἐπιόντος</em></span> <span class='ocrx_word' id='word_1_159' title='bbox 1293 1496 1355 1527; x_wconf 83' lang='grc' dir='ltr'><em>καὶ</em></span> <span class='ocrx_word' id='word_1_160' title='bbox 1388 1494 1458 1527; x_wconf 86' lang='grc' dir='ltr'>ὑπὸ</span> <span class='ocrx_word' id='word_1_161' title='bbox 1491 1500 1558 1527; x_wconf 88' lang='grc' dir='ltr'><em>τοῦ</em></span> <span class='ocrx_word' id='word_1_162' title='bbox 1588 1494 1745 1539; x_wconf 84' lang='grc' dir='ltr'><em>παρελη-</em></span> 
     </span>
     <span class='ocr_line' id='line_1_19' title="bbox 256 1552 1744 1602; baseline -0.004 -11"><span class='ocrx_word' id='word_1_163' title='bbox 256 1558 411 1596; x_wconf 73' lang='grc' dir='ltr'><em>λυθότος</em></span> <span class='ocrx_word' id='word_1_164' title='bbox 430 1557 584 1602; x_wconf 79' lang='grc' dir='ltr'><em>χρόνου,</em></span> <span class='ocrx_word' id='word_1_165' title='bbox 613 1555 668 1589; x_wconf 85' lang='grc' dir='ltr'>ὅτι</span> <span class='ocrx_word' id='word_1_166' title='bbox 695 1555 847 1599; x_wconf 77' lang='grc' dir='ltr'><em>ἠδίκησα</em></span> <span class='ocrx_word' id='word_1_167' title='bbox 872 1554 943 1600; x_wconf 80' lang='grc' dir='ltr'>μὲν</span> <span class='ocrx_word' id='word_1_168' title='bbox 970 1553 1102 1588; x_wconf 74' lang='grc' dir='ltr'><em>οὐδένα</em></span> <span class='ocrx_word' id='word_1_169' title='bbox 1122 1554 1274 1587; x_wconf 87' lang='grc' dir='ltr'><em>πώποτε</em></span> <span class='ocrx_word' id='word_1_170' title='bbox 1301 1554 1502 1598; x_wconf 71' lang='grc' dir='ltr'><em>ἄνθρωπον</em></span> <span class='ocrx_word' id='word_1_171' title='bbox 1529 1552 1613 1586; x_wconf 79' lang='grc' dir='ltr'><em>οὐδὲ</em></span> <span class='ocrx_word' id='word_1_172' title='bbox 1633 1555 1744 1598; x_wconf 87' lang='grc' dir='ltr'><em>χείρω</em></span> 
     </span>
     <span class='ocr_line' id='line_1_20' title="bbox 257 1612 1746 1659; baseline -0.004 -9"><span class='ocrx_word' id='word_1_173' title='bbox 257 1618 431 1659; x_wconf 75' lang='grc' dir='ltr'><em>ἐποίησα,</em></span> <span class='ocrx_word' id='word_1_174' title='bbox 457 1618 620 1659; x_wconf 82' lang='grc' dir='ltr'><em>βελτίους</em></span> <span class='ocrx_word' id='word_1_175' title='bbox 646 1615 683 1649; x_wconf 74' lang='grc' dir='ltr'>δὲ</span> <span class='ocrx_word' id='word_1_176' title='bbox 711 1618 834 1648; x_wconf 83' lang='grc' dir='ltr'><em>ποιεῖν</em></span> <span class='ocrx_word' id='word_1_177' title='bbox 860 1614 1072 1659; x_wconf 76' lang='grc' dir='ltr'><em>ἐπειρώμην</em></span> <span class='ocrx_word' id='word_1_178' title='bbox 1105 1613 1157 1646; x_wconf 79' lang='grc' dir='ltr'><em>ἀεὶ</em></span> <span class='ocrx_word' id='word_1_179' title='bbox 1192 1613 1276 1651; x_wconf 74' lang='grc' dir='ltr'><em>τοὺς</em></span> <span class='ocrx_word' id='word_1_180' title='bbox 1307 1613 1393 1658; x_wconf 78' lang='grc' dir='ltr'><em>ἐμοὶ</em></span> <span class='ocrx_word' id='word_1_181' title='bbox 1424 1612 1615 1653; x_wconf 84' lang='grc' dir='ltr'><em>συνόντας,</em></span> <span class='ocrx_word' id='word_1_182' title='bbox 1649 1612 1746 1657; x_wconf 85' lang='grc' dir='ltr'><em>εὐερ-</em></span> 
     </span>
     <span class='ocr_line' id='line_1_21' title="bbox 258 1670 1748 1720; baseline -0.005 -10"><span class='ocrx_word' id='word_1_183' title='bbox 258 1678 387 1720; x_wconf 70' lang='grc' dir='ltr'><em>γέτουν</em></span> <span class='ocrx_word' id='word_1_184' title='bbox 426 1675 462 1709; x_wconf 75' lang='grc' dir='ltr'>δὲ</span> <span class='ocrx_word' id='word_1_185' title='bbox 502 1675 586 1713; x_wconf 84' lang='grc' dir='ltr'><em>τοὺς</em></span> <span class='ocrx_word' id='word_1_186' title='bbox 617 1675 703 1720; x_wconf 74' lang='grc' dir='ltr'><em>ἐμοὶ</em></span> <span class='ocrx_word' id='word_1_187' title='bbox 742 1673 1042 1719; x_wconf 70' lang='grc' dir='ltr'><em>διαλεγομένους,</em></span> <span class='ocrx_word' id='word_1_188' title='bbox 1083 1675 1220 1717; x_wconf 78' lang='grc' dir='ltr'><em>προῖκα</em></span> <span class='ocrx_word' id='word_1_189' title='bbox 1259 1671 1441 1705; x_wconf 74' lang='grc' dir='ltr'><em>διδάσκων</em></span> <span class='ocrx_word' id='word_1_190' title='bbox 1473 1670 1528 1704; x_wconf 88' lang='grc' dir='ltr'>ὅτι</span> <span class='ocrx_word' id='word_1_191' title='bbox 1560 1670 1748 1716; x_wconf 71' lang='grc' dir='ltr'><em>ἐδυνάμην</em></span> 
     </span>
     <span class='ocr_line' id='line_1_22' title="bbox 258 1735 411 1779; baseline 0.007 -12"><span class='ocrx_word' id='word_1_192' title='bbox 258 1735 411 1779; x_wconf 70' lang='grc' dir='ltr'><em>ἀγαθόν.</em></span> 
     </span>
    </p>

    <p class='ocr_par' dir='ltr' id='par_1_5' title="bbox 258 1787 1750 2888">
     <span class='ocr_line' id='line_1_23' title="bbox 377 1787 1747 1837; baseline -0.004 -10"><span class='ocrx_word' id='word_1_193' title='bbox 377 1794 412 1837; x_wconf 82' lang='grc'>2)</span> <span class='ocrx_word' id='word_1_194' title='bbox 439 1793 710 1835; x_wconf 82' lang='lat' dir='ltr'>Schneiderum,</span> <span class='ocrx_word' id='word_1_195' title='bbox 738 1802 817 1825; x_wconf 90' lang='lat' dir='ltr'>cum</span> <span class='ocrx_word' id='word_1_196' title='bbox 844 1790 903 1825; x_wconf 87' lang='lat' dir='ltr'>illa</span> <span class='ocrx_word' id='word_1_197' title='bbox 928 1790 1116 1833; x_wconf 78' lang='lat' dir='ltr'>scriberet,</span> <span class='ocrx_word' id='word_1_198' title='bbox 1145 1800 1232 1834; x_wconf 87' lang='lat' dir='ltr'>quae</span> <span class='ocrx_word' id='word_1_199' title='bbox 1260 1790 1402 1823; x_wconf 80' lang='lat' dir='ltr'>credere</span> <span class='ocrx_word' id='word_1_200' title='bbox 1428 1788 1578 1823; x_wconf 86' lang='lat' dir='ltr'>lectores</span> <span class='ocrx_word' id='word_1_201' title='bbox 1609 1787 1747 1822; x_wconf 88' lang='lat' dir='ltr'>iuberet</span> 
     </span>
     <span class='ocr_line' id='line_1_24' title="bbox 258 1847 1747 1896; baseline -0.005 -9"><span class='ocrx_word' id='word_1_202' title='bbox 258 1852 445 1896; x_wconf 76' lang='lat' dir='ltr'>miracula,</span> <span class='ocrx_word' id='word_1_203' title='bbox 472 1853 588 1896; x_wconf 83' lang='lat' dir='ltr'>ipsum</span> <span class='ocrx_word' id='word_1_204' title='bbox 615 1862 684 1885; x_wconf 88' lang='lat' dir='ltr'>non</span> <span class='ocrx_word' id='word_1_205' title='bbox 710 1852 892 1894; x_wconf 85' lang='lat' dir='ltr'>reputasse</span> <span class='ocrx_word' id='word_1_206' title='bbox 918 1850 1025 1893; x_wconf 86' lang='lat' dir='ltr'>patet.</span> <span class='ocrx_word' id='word_1_207' title='bbox 1076 1848 1247 1883; x_wconf 80' lang='lat' dir='ltr'>Avulsam</span> <span class='ocrx_word' id='word_1_208' title='bbox 1274 1859 1294 1882; x_wconf 87' lang='lat' dir='ltr'>a</span> <span class='ocrx_word' id='word_1_209' title='bbox 1320 1847 1454 1892; x_wconf 81' lang='lat' dir='ltr'>reliquo</span> <span class='ocrx_word' id='word_1_210' title='bbox 1488 1857 1633 1891; x_wconf 87' lang='lat' dir='ltr'>corpore</span> <span class='ocrx_word' id='word_1_211' title='bbox 1665 1857 1747 1881; x_wconf 91' lang='lat' dir='ltr'>con-</span> 
     </span>
     <span class='ocr_line' id='line_1_25' title="bbox 259 1907 1747 1955; baseline -0.004 -10"><span class='ocrx_word' id='word_1_212' title='bbox 259 1912 451 1946; x_wconf 82' lang='lat' dir='ltr'>clusionem</span> <span class='ocrx_word' id='word_1_213' title='bbox 478 1911 629 1955; x_wconf 79' lang='lat' dir='ltr'>priscam</span> <span class='ocrx_word' id='word_1_214' title='bbox 657 1909 939 1944; x_wconf 81' lang='lat' dir='ltr'>Memorabilium</span> <span class='ocrx_word' id='word_1_215' title='bbox 972 1919 1038 1942; x_wconf 86' lang='lat' dir='ltr'>non</span> <span class='ocrx_word' id='word_1_216' title='bbox 1066 1907 1257 1949; x_wconf 86' lang='lat' dir='ltr'>interiisse,</span> <span class='ocrx_word' id='word_1_217' title='bbox 1290 1908 1351 1941; x_wconf 84' lang='lat' dir='ltr'>sed</span> <span class='ocrx_word' id='word_1_218' title='bbox 1383 1908 1627 1941; x_wconf 83' lang='lat' dir='ltr'>conservatam</span> <span class='ocrx_word' id='word_1_219' title='bbox 1659 1915 1747 1949; x_wconf 87' lang='lat' dir='ltr'>esse,</span> 
     </span>
     <span class='ocr_line' id='line_1_26' title="bbox 259 1965 1748 2014; baseline -0.005 -9"><span class='ocrx_word' id='word_1_220' title='bbox 259 1971 370 2005; x_wconf 84' lang='lat' dir='ltr'>donec</span> <span class='ocrx_word' id='word_1_221' title='bbox 397 1970 604 2014; x_wconf 83' lang='lat' dir='ltr'>nequissimi</span> <span class='ocrx_word' id='word_1_222' title='bbox 628 1968 681 2003; x_wconf 84' lang='lat' dir='ltr'>illi</span> <span class='ocrx_word' id='word_1_223' title='bbox 706 1967 926 2013; x_wconf 81' lang='lat' dir='ltr'>grammatici</span> <span class='ocrx_word' id='word_1_224' title='bbox 958 1967 994 2000; x_wconf 88' lang='lat' dir='ltr'>in</span> <span class='ocrx_word' id='word_1_225' title='bbox 1021 1977 1097 2001; x_wconf 87' lang='lat' dir='ltr'>eam</span> <span class='ocrx_word' id='word_1_226' title='bbox 1130 1966 1354 2009; x_wconf 85' lang='lat' dir='ltr'>incidissent3</span> <span class='ocrx_word' id='word_1_227' title='bbox 1386 1965 1633 2010; x_wconf 82' lang='lat' dir='ltr'>interpolatam</span> <span class='ocrx_word' id='word_1_228' title='bbox 1663 1975 1748 1999; x_wconf 79' lang='lat' dir='ltr'>vero</span> 
     </span>
     <span class='ocr_line' id='line_1_27' title="bbox 260 2024 1748 2072; baseline -0.005 -8"><span class='ocrx_word' id='word_1_229' title='bbox 260 2041 336 2064; x_wconf 80' lang='lat' dir='ltr'>eam</span> <span class='ocrx_word' id='word_1_230' title='bbox 362 2030 409 2063; x_wconf 87' lang='lat' dir='ltr'>ita</span> <span class='ocrx_word' id='word_1_231' title='bbox 442 2040 538 2072; x_wconf 74' lang='lat' dir='ltr'>esse,</span> <span class='ocrx_word' id='word_1_232' title='bbox 578 2031 617 2062; x_wconf 90' lang='lat' dir='ltr'>ut</span> <span class='ocrx_word' id='word_1_233' title='bbox 649 2039 690 2062; x_wconf 85' lang='lat' dir='ltr'>ea</span> <span class='ocrx_word' id='word_1_234' title='bbox 720 2028 813 2072; x_wconf 86' lang='lat' dir='ltr'>ipsa,</span> <span class='ocrx_word' id='word_1_235' title='bbox 853 2037 943 2071; x_wconf 88' lang='lat' dir='ltr'>quae</span> <span class='ocrx_word' id='word_1_236' title='bbox 976 2026 1077 2060; x_wconf 86' lang='lat' dir='ltr'>alteri</span> <span class='ocrx_word' id='word_1_237' title='bbox 1109 2025 1340 2069; x_wconf 79' lang='lat' dir='ltr'>placuissent,</span> <span class='ocrx_word' id='word_1_238' title='bbox 1379 2024 1468 2059; x_wconf 86' lang='lat' dir='ltr'>alter</span> <span class='ocrx_word' id='word_1_239' title='bbox 1492 2025 1678 2068; x_wconf 86' lang='lat' dir='ltr'>respueret</span> <span class='ocrx_word' id='word_1_240' title='bbox 1703 2025 1748 2069; x_wconf 90' lang='lat' dir='ltr'>et,</span> 
     </span>
     <span class='ocr_line' id='line_1_28' title="bbox 260 2083 1747 2133; baseline -0.002 -14"><span class='ocrx_word' id='word_1_241' title='bbox 260 2099 348 2133; x_wconf 76' lang='lat' dir='ltr'>quae</span> <span class='ocrx_word' id='word_1_242' title='bbox 375 2087 434 2122; x_wconf 90' lang='lat' dir='ltr'>ille</span> <span class='ocrx_word' id='word_1_243' title='bbox 460 2088 668 2131; x_wconf 83' lang='lat' dir='ltr'>sprevisset,</span> <span class='ocrx_word' id='word_1_244' title='bbox 694 2086 750 2121; x_wconf 89' lang='lat' dir='ltr'>hic</span> <span class='ocrx_word' id='word_1_245' title='bbox 777 2086 940 2130; x_wconf 83' lang='lat' dir='ltr'>probaret</span> <span class='ocrx_word' id='word_1_246' title='bbox 966 2085 1025 2129; x_wconf 80' lang='lat' dir='ltr'>(cf.</span> <span class='ocrx_word' id='word_1_247' title='bbox 1053 2086 1169 2118; x_wconf 85' lang='lat' dir='ltr'>annot.</span> <span class='ocrx_word' id='word_1_248' title='bbox 1189 2084 1304 2128; x_wconf 77' lang='lat' dir='ltr'>prox.)</span> <span class='ocrx_word' id='word_1_249' title='bbox 1331 2094 1376 2118; x_wconf 80' lang='lat' dir='ltr'>ex</span> <span class='ocrx_word' id='word_1_250' title='bbox 1400 2084 1490 2118; x_wconf 82' lang='lat' dir='ltr'>mira</span> <span class='ocrx_word' id='word_1_251' title='bbox 1508 2084 1659 2127; x_wconf 85' lang='lat' dir='ltr'>quadam</span> <span class='ocrx_word' id='word_1_252' title='bbox 1677 2083 1747 2116; x_wconf 89' lang='lat' dir='ltr'>dis-</span> 
     </span>
     <span class='ocr_line' id='line_1_29' title="bbox 260 2142 1750 2191; baseline -0.003 -11"><span class='ocrx_word' id='word_1_253' title='bbox 260 2148 443 2182; x_wconf 83' lang='lat' dir='ltr'>harmonia</span> <span class='ocrx_word' id='word_1_254' title='bbox 462 2145 717 2191; x_wconf 76' lang='lat' dir='ltr'>praestabilita3</span> <span class='ocrx_word' id='word_1_255' title='bbox 743 2147 820 2179; x_wconf 90' lang='lat' dir='ltr'>tum</span> <span class='ocrx_word' id='word_1_256' title='bbox 839 2145 980 2179; x_wconf 88' lang='lat' dir='ltr'>demum</span> <span class='ocrx_word' id='word_1_257' title='bbox 995 2145 1188 2188; x_wconf 81' lang='lat' dir='ltr'>genuinum</span> <span class='ocrx_word' id='word_1_258' title='bbox 1206 2154 1294 2187; x_wconf 86' lang='lat' dir='ltr'>opus</span> <span class='ocrx_word' id='word_1_259' title='bbox 1308 2143 1498 2187; x_wconf 86' lang='lat' dir='ltr'>interiisse,</span> <span class='ocrx_word' id='word_1_260' title='bbox 1526 2142 1750 2176; x_wconf 87' lang='lat' dir='ltr'>falsariorum</span> 
     </span>
     <span class='ocr_line' id='line_1_30' title="bbox 261 2200 1748 2249; baseline -0.004 -9"><span class='ocrx_word' id='word_1_261' title='bbox 261 2208 381 2240; x_wconf 83' lang='lat' dir='ltr'>contra</span> <span class='ocrx_word' id='word_1_262' title='bbox 407 2205 577 2249; x_wconf 85' lang='lat' dir='ltr'>opuscula</span> <span class='ocrx_word' id='word_1_263' title='bbox 602 2207 754 2240; x_wconf 84' lang='lat' dir='ltr'>aetatem</span> <span class='ocrx_word' id='word_1_264' title='bbox 779 2203 920 2238; x_wconf 78' lang='lat' dir='ltr'>tulisse!</span> <span class='ocrx_word' id='word_1_265' title='bbox 971 2203 1095 2246; x_wconf 84' lang='lat' dir='ltr'>Itaque</span> <span class='ocrx_word' id='word_1_266' title='bbox 1121 2203 1207 2237; x_wconf 84' lang='lat' dir='ltr'>ratio</span> <span class='ocrx_word' id='word_1_267' title='bbox 1234 2201 1309 2245; x_wconf 88' lang='lat' dir='ltr'>illa,</span> <span class='ocrx_word' id='word_1_268' title='bbox 1335 2201 1395 2236; x_wconf 90' lang='lat' dir='ltr'>ubi</span> <span class='ocrx_word' id='word_1_269' title='bbox 1421 2201 1618 2236; x_wconf 76' lang='lat' dir='ltr'>accuratius</span> <span class='ocrx_word' id='word_1_270' title='bbox 1645 2200 1748 2245; x_wconf 88' lang='lat' dir='ltr'>paulo</span> 
     </span>
     <span class='ocr_line' id='line_1_31' title="bbox 261 2259 1749 2310; baseline -0.004 -11"><span class='ocrx_word' id='word_1_271' title='bbox 261 2266 425 2310; x_wconf 79' lang='lat' dir='ltr'>persequi</span> <span class='ocrx_word' id='word_1_272' title='bbox 452 2276 529 2299; x_wconf 88' lang='lat' dir='ltr'>eam</span> <span class='ocrx_word' id='word_1_273' title='bbox 555 2264 729 2308; x_wconf 77' lang='lat' dir='ltr'>coeperis,</span> <span class='ocrx_word' id='word_1_274' title='bbox 757 2273 819 2307; x_wconf 84' lang='lat' dir='ltr'>per</span> <span class='ocrx_word' id='word_1_275' title='bbox 844 2272 881 2296; x_wconf 88' lang='lat' dir='ltr'>se</span> <span class='ocrx_word' id='word_1_276' title='bbox 908 2262 985 2306; x_wconf 87' lang='lat' dir='ltr'>ipsa</span> <span class='ocrx_word' id='word_1_277' title='bbox 1011 2261 1177 2303; x_wconf 86' lang='lat' dir='ltr'>concidit,</span> <span class='ocrx_word' id='word_1_278' title='bbox 1205 2272 1319 2305; x_wconf 81' lang='lat' dir='ltr'>neque</span> <span class='ocrx_word' id='word_1_279' title='bbox 1346 2271 1433 2305; x_wconf 91' lang='lat' dir='ltr'>opus</span> <span class='ocrx_word' id='word_1_280' title='bbox 1452 2261 1526 2295; x_wconf 79' lang='lat' dir='ltr'>erat</span> <span class='ocrx_word' id='word_1_281' title='bbox 1543 2259 1749 2294; x_wconf 85' lang='lat' dir='ltr'>ratiunculis</span> 
     </span>
     <span class='ocr_line' id='line_1_32' title="bbox 261 2318 1747 2368; baseline -0.004 -10"><span class='ocrx_word' id='word_1_282' title='bbox 261 2324 401 2359; x_wconf 82' lang='lat' dir='ltr'>aliunde</span> <span class='ocrx_word' id='word_1_283' title='bbox 415 2324 551 2368; x_wconf 86' lang='lat' dir='ltr'>petitis,</span> <span class='ocrx_word' id='word_1_284' title='bbox 579 2323 742 2367; x_wconf 86' lang='lat' dir='ltr'>qualibus</span> <span class='ocrx_word' id='word_1_285' title='bbox 757 2333 835 2356; x_wconf 88' lang='lat' dir='ltr'>eam</span> <span class='ocrx_word' id='word_1_286' title='bbox 850 2331 1039 2365; x_wconf 83' lang='lat' dir='ltr'>aggressus</span> <span class='ocrx_word' id='word_1_287' title='bbox 1065 2322 1118 2354; x_wconf 79' lang='lat' dir='ltr'>cst</span> <span class='ocrx_word' id='word_1_288' title='bbox 1133 2320 1349 2354; x_wconf 54' lang='lat' dir='ltr'>YVeiskius</span> <span class='ocrx_word' id='word_1_289' title='bbox 1376 2320 1481 2364; x_wconf 79' lang='lat' dir='ltr'>(Xeu.</span> <span class='ocrx_word' id='word_1_290' title='bbox 1497 2319 1580 2354; x_wconf 75' lang='lat' dir='ltr'>Ath.</span> <span class='ocrx_word' id='word_1_291' title='bbox 1595 2318 1747 2363; x_wconf 77' lang='lat' dir='ltr'>scripta,</span> 
     </span>
     <span class='ocr_line' id='line_1_33' title="bbox 261 2378 1750 2426; baseline -0.003 -10"><span class='ocrx_word' id='word_1_292' title='bbox 261 2388 343 2417; x_wconf 85' lang='lat' dir='ltr'>tom.</span> <span class='ocrx_word' id='word_1_293' title='bbox 360 2383 393 2416; x_wconf 88' lang='lat' dir='ltr'><strong>V</strong></span> <span class='ocrx_word' id='word_1_294' title='bbox 420 2381 631 2426; x_wconf 76' lang='lat' dir='ltr'>Lips.1802,</span> <span class='ocrx_word' id='word_1_295' title='bbox 658 2393 691 2425; x_wconf 87' lang='lat' dir='ltr'>p.</span> <span class='ocrx_word' id='word_1_296' title='bbox 708 2380 933 2424; x_wconf 73' lang='lat'>5200—205).</span> <span class='ocrx_word' id='word_1_297' title='bbox 985 2380 1151 2414; x_wconf 86' lang='lat' dir='ltr'>Ceterum</span> <span class='ocrx_word' id='word_1_298' title='bbox 1170 2379 1351 2413; x_wconf 63' lang='lat' dir='ltr'>Weislzius</span> <span class='ocrx_word' id='word_1_299' title='bbox 1376 2378 1451 2423; x_wconf 87' lang='lat' dir='ltr'>ipse</span> <span class='ocrx_word' id='word_1_300' title='bbox 1476 2378 1750 2422; x_wconf 74' lang='lat' dir='ltr'>Xenophontem</span> 
     </span>
     <span class='ocr_line' id='line_1_34' title="bbox 262 2437 1750 2485; baseline -0.004 -9"><span class='ocrx_word' id='word_1_301' title='bbox 262 2443 384 2476; x_wconf 87' lang='lat' dir='ltr'>censet</span> <span class='ocrx_word' id='word_1_302' title='bbox 410 2444 419 2460; x_wconf 61' lang='lat'><em>³</em></span> <span class='ocrx_word' id='word_1_303' title='bbox 421 2442 537 2485; x_wconf 79' lang='lat' dir='ltr'>paulo</span> <span class='ocrx_word' id='word_1_304' title='bbox 561 2444 644 2485; x_wconf 76' lang='lat' dir='ltr'>post</span> <span class='ocrx_word' id='word_1_305' title='bbox 669 2440 831 2474; x_wconf 76' lang='lat' dir='ltr'>reditum</span> <span class='ocrx_word' id='word_1_306' title='bbox 856 2450 898 2473; x_wconf 72' lang='lat' dir='ltr'>ex</span> <span class='ocrx_word' id='word_1_307' title='bbox 924 2439 1020 2473; x_wconf 68' lang='lat' dir='ltr'>Asia</span> <span class='ocrx_word' id='word_1_308' title='bbox 1044 2449 1263 2482; x_wconf 72' lang='lat' dir='ltr'>mayuorum</span> <span class='ocrx_word' id='word_1_309' title='bbox 1293 2438 1461 2472; x_wconf 70' lang='lat' dir='ltr'>virorum</span> <span class='ocrx_word' id='word_1_310' title='bbox 1493 2440 1525 2471; x_wconf 82' lang='lat' dir='ltr'>et</span> <span class='ocrx_word' id='word_1_311' title='bbox 1555 2437 1750 2471; x_wconf 73' lang='lat' dir='ltr'>homiuum</span> 
     </span>
     <span class='ocr_line' id='line_1_35' title="bbox 262 2494 1750 2540; baseline -0.003 -6"><span class='ocrx_word' id='word_1_312' title='bbox 262 2501 345 2534; x_wconf 77' lang='lat' dir='ltr'>bene</span> <span class='ocrx_word' id='word_1_313' title='bbox 371 2501 412 2534; x_wconf 82' lang='lat' dir='ltr'>cle</span> <span class='ocrx_word' id='word_1_314' title='bbox 437 2511 474 2533; x_wconf 88' lang='lat' dir='ltr'>se</span> <span class='ocrx_word' id='word_1_315' title='bbox 499 2499 719 2534; x_wconf 77' lang='lat' dir='ltr'>meritorum</span> <span class='ocrx_word' id='word_1_316' title='bbox 744 2499 871 2532; x_wconf 79' lang='lat' dir='ltr'>laudes</span> <span class='ocrx_word' id='word_1_317' title='bbox 897 2498 1063 2532; x_wconf 64' lang='lat' dir='ltr'>brevibus</span> <span class='ocrx_word' id='word_1_318' title='bbox 1090 2497 1224 2532; x_wconf 75' lang='lat' dir='ltr'>libellis</span> <span class='ocrx_word' id='word_1_319' title='bbox 1251 2496 1476 2531; x_wconf 74' lang='lat' dir='ltr'>conscribere</span> <span class='ocrx_word' id='word_1_320' title='bbox 1502 2496 1680 2540; x_wconf 79' lang='lat' dir='ltr'>eoepisse;</span> <span class='ocrx_word' id='word_1_321' title='bbox 1706 2494 1750 2528; x_wconf 74' lang='lat' dir='ltr'>in</span> 
     </span>
     <span class='ocr_line' id='line_1_36' title="bbox 262 2553 1749 2601; baseline -0.004 -8"><span class='ocrx_word' id='word_1_322' title='bbox 262 2560 322 2593; x_wconf 69' lang='lat' dir='ltr'>leis</span> <span class='ocrx_word' id='word_1_323' title='bbox 349 2562 381 2593; x_wconf 80' lang='lat' dir='ltr'>et</span> <span class='ocrx_word' id='word_1_324' title='bbox 409 2559 593 2600; x_wconf 74' lang='lat' dir='ltr'>Socratis,</span> <span class='ocrx_word' id='word_1_325' title='bbox 619 2558 686 2592; x_wconf 82' lang='lat' dir='ltr'>lzoe</span> <span class='ocrx_word' id='word_1_326' title='bbox 712 2558 826 2592; x_wconf 76' lang='lat' dir='ltr'>initio</span> <span class='ocrx_word' id='word_1_327' title='bbox 852 2557 970 2601; x_wconf 78' lang='lat' dir='ltr'>fac-to:</span> <span class='ocrx_word' id='word_1_328' title='bbox 999 2555 1215 2601; x_wconf 56' lang='lat' dir='ltr'>{mpsim-3</span> <span class='ocrx_word' id='word_1_329' title='bbox 1242 2555 1278 2590; x_wconf 76' lang='grc' dir='ltr'>δὲ</span> <span class='ocrx_word' id='word_1_330' title='bbox 1305 2558 1366 2589; x_wconf 85' lang='grc' dir='ltr'><em>καὶ</em></span> <span class='ocrx_word' id='word_1_331' title='bbox 1398 2555 1511 2599; x_wconf 74' lang='grc' dir='ltr'><em>ἄξιον,</em></span> <span class='ocrx_word' id='word_1_332' title='bbox 1542 2555 1596 2589; x_wconf 83' lang='lat' dir='ltr'>vel</span> <span class='ocrx_word' id='word_1_333' title='bbox 1624 2553 1749 2599; x_wconf 78' lang='lat' dir='ltr'>potius</span> 
     </span>
     <span class='ocr_line' id='line_1_37' title="bbox 263 2611 1750 2663; baseline -0.003 -12"><span class='ocrx_word' id='word_1_334' title='bbox 263 2620 323 2651; x_wconf 81' lang='grc' dir='ltr'><em>καὶ</em></span> <span class='ocrx_word' id='word_1_335' title='bbox 350 2619 567 2663; x_wconf 70' lang='grc' dir='ltr'><em>Σωκράτους</em></span> <span class='ocrx_word' id='word_1_336' title='bbox 600 2617 636 2650; x_wconf 76' lang='grc' dir='ltr'>δὲ</span> <span class='ocrx_word' id='word_1_337' title='bbox 665 2617 776 2659; x_wconf 75' lang='grc' dir='ltr'><em>ἄξιον,</em></span> <span class='ocrx_word' id='word_1_338' title='bbox 816 2616 874 2650; x_wconf 70' lang='lat' dir='ltr'>ita</span> <span class='ocrx_word' id='word_1_339' title='bbox 905 2619 946 2649; x_wconf 80' lang='lat' dir='ltr'>ut</span> <span class='ocrx_word' id='word_1_340' title='bbox 977 2615 1235 2659; x_wconf 78' lang='lat' dir='ltr'>superioribus</span> <span class='ocrx_word' id='word_1_341' title='bbox 1267 2614 1491 2658; x_wconf 74' lang='lat' dir='ltr'>quibusdam</span> <span class='ocrx_word' id='word_1_342' title='bbox 1521 2612 1676 2657; x_wconf 77' lang='lat' dir='ltr'>seriptis</span> <span class='ocrx_word' id='word_1_343' title='bbox 1707 2611 1750 2646; x_wconf 75' lang='lat' dir='ltr'>in</span> 
     </span>
     <span class='ocr_line' id='line_1_38' title="bbox 266 2669 1750 2720; baseline -0.004 -9"><span class='ocrx_word' id='word_1_344' title='bbox 266 2688 382 2711; x_wconf 74' lang='lat' dir='ltr'>mium</span> <span class='ocrx_word' id='word_1_345' title='bbox 415 2687 548 2720; x_wconf 77' lang='lat' dir='ltr'>eorpus</span> <span class='ocrx_word' id='word_1_346' title='bbox 581 2675 896 2720; x_wconf 74' lang='lat' dir='ltr'>eouizmyeretur’.</span> <span class='ocrx_word' id='word_1_347' title='bbox 949 2674 1045 2716; x_wconf 82' lang='lat' dir='ltr'>Quae</span> <span class='ocrx_word' id='word_1_348' title='bbox 1077 2676 1197 2718; x_wconf 85' lang='lat' dir='ltr'>aperte</span> <span class='ocrx_word' id='word_1_349' title='bbox 1229 2673 1470 2716; x_wconf 68' lang='lat' dir='ltr'>hallucinatur,</span> <span class='ocrx_word' id='word_1_350' title='bbox 1508 2673 1628 2707; x_wconf 88' lang='lat' dir='ltr'>contra</span> <span class='ocrx_word' id='word_1_351' title='bbox 1659 2669 1750 2716; x_wconf 81' lang='lat' dir='ltr'>quod.</span> 
     </span>
     <span class='ocr_line' id='line_1_39' title="bbox 263 2731 1749 2780; baseline -0.004 -10"><span class='ocrx_word' id='word_1_352' title='bbox 263 2736 535 2780; x_wconf 73' lang='lat' dir='ltr'>Xenophontem</span> <span class='ocrx_word' id='word_1_353' title='bbox 562 2736 657 2777; x_wconf 82' lang='lat' dir='ltr'>ideo,</span> <span class='ocrx_word' id='word_1_354' title='bbox 685 2736 776 2780; x_wconf 79' lang='lat' dir='ltr'>quia</span> <span class='ocrx_word' id='word_1_355' title='bbox 802 2735 966 2769; x_wconf 77' lang='lat' dir='ltr'>aliorum</span> <span class='ocrx_word' id='word_1_356' title='bbox 991 2734 1134 2778; x_wconf 77' lang='lat' dir='ltr'>scripta</span> <span class='ocrx_word' id='word_1_357' title='bbox 1160 2733 1302 2767; x_wconf 69' lang='lat' dir='ltr'>interea</span> <span class='ocrx_word' id='word_1_358' title='bbox 1327 2732 1486 2766; x_wconf 75' lang='lat' dir='ltr'>maiores</span> <span class='ocrx_word' id='word_1_359' title='bbox 1507 2731 1667 2776; x_wconf 75' lang='lat' dir='ltr'>plausus</span> <span class='ocrx_word' id='word_1_360' title='bbox 1692 2732 1749 2764; x_wconf 77' lang='lat' dir='ltr'>tu-</span> 
     </span>
     <span class='ocr_line' id='line_1_40' title="bbox 266 2787 1748 2839; baseline -0.005 -10"><span class='ocrx_word' id='word_1_361' title='bbox 266 2796 409 2838; x_wconf 70' lang='lat' dir='ltr'>lissent,</span> <span class='ocrx_word' id='word_1_362' title='bbox 433 2798 517 2839; x_wconf 79' lang='lat' dir='ltr'>post</span> <span class='ocrx_word' id='word_1_363' title='bbox 542 2795 763 2839; x_wconf 74' lang='lat' dir='ltr'>Apoloyiam</span> <span class='ocrx_word' id='word_1_364' title='bbox 789 2793 1049 2828; x_wconf 58' lang='lat' dir='ltr'>filemombilia</span> <span class='ocrx_word' id='word_1_365' title='bbox 1076 2791 1324 2836; x_wconf 73' lang='lat' dir='ltr'>composuisse</span> <span class='ocrx_word' id='word_1_366' title='bbox 1350 2792 1486 2834; x_wconf 87' lang='lat' dir='ltr'>censet,</span> <span class='ocrx_word' id='word_1_367' title='bbox 1520 2800 1604 2825; x_wconf 85' lang='lat' dir='ltr'>sana</span> <span class='ocrx_word' id='word_1_368' title='bbox 1629 2787 1748 2823; x_wconf 81' lang='lat' dir='ltr'>existi-</span> 
     </span>
     <span class='ocr_line' id='line_1_41' title="bbox 266 2854 527 2888; baseline 0.004 -1"><span class='ocrx_word' id='word_1_369' title='bbox 266 2854 368 2888; x_wconf 80' lang='lat' dir='ltr'>matio</span> <span class='ocrx_word' id='word_1_370' title='bbox 395 2854 527 2888; x_wconf 82' lang='lat' dir='ltr'>subest.</span> 
     </span>
    </p>

    <p class='ocr_par' dir='ltr' id='par_1_6' title="bbox 384 2909 1206 2956">
     <span class='ocr_line' id='line_1_42' title="bbox 384 2909 1206 2956; baseline -0.004 -9"><span class='ocrx_word' id='word_1_371' title='bbox 384 2913 418 2956; x_wconf 84' lang='lat'>3)</span> <span class='ocrx_word' id='word_1_372' title='bbox 445 2912 488 2946; x_wconf 75' lang='lat' dir='ltr'>ln</span> <span class='ocrx_word' id='word_1_373' title='bbox 515 2912 567 2946; x_wconf 85' lang='lat' dir='ltr'>ed.</span> <span class='ocrx_word' id='word_1_374' title='bbox 594 2912 686 2946; x_wconf 88' lang='lat' dir='ltr'>Xen.</span> <span class='ocrx_word' id='word_1_375' title='bbox 713 2922 792 2956; x_wconf 88' lang='lat' dir='ltr'>opp.</span> <span class='ocrx_word' id='word_1_376' title='bbox 821 2922 912 2946; x_wconf 89' lang='lat' dir='ltr'>omn.</span> <span class='ocrx_word' id='word_1_377' title='bbox 939 2910 1007 2946; x_wconf 86' lang='lat' dir='ltr'>vol.</span> <span class='ocrx_word' id='word_1_378' title='bbox 1023 2909 1077 2945; x_wconf 87' lang='lat' dir='ltr'>IV</span> <span class='ocrx_word' id='word_1_379' title='bbox 1105 2909 1206 2944; x_wconf 80' lang='lat'>1805.</span> 
     </span>
    </p>
   </div>
  </div>
 </body>
</html>
