1820 3340
271 253 323 290 96

275 367 394 419 (quod
434 367 697 406 Schneiderns
737 367 1060 419 vituperaverat);
1105 369 1154 407 de
1192 369 1355 419 reliquis
1391 371 1440 409 ad
1477 370 1758 410 Schneiderum

269 439 462 478 reicimur.
524 440 631 476 Haec
663 442 754 476 sunt
787 440 832 476 de
854 439 928 476 hac
949 451 991 477 re
1013 439 1159 489 omnia,
1192 440 1325 490 itaque
1346 441 1451 478 haud
1472 441 1526 480 ita
1549 441 1758 491 diligenter

268 510 308 547 in
347 522 431 548 eam
476 509 730 559 inquisivisse
773 521 863 547 eum
901 509 1100 558 videmus,
1146 510 1340 560 siquidem
1384 511 1555 561 primum
1599 512 1757 551 criticae

268 580 506 630 aequitatem
544 592 619 617 non
657 583 847 629 praestat,
892 592 979 618 cum
1019 583 1057 618 et
1094 580 1134 617 in
1173 581 1400 630 castigando
1438 583 1604 621 extremi
1642 582 1758 621 Mem.

269 650 408 700 capitis
439 653 596 688 auctore
626 649 774 688 iustum
808 650 968 688 modum
1001 651 1183 699 excedat,
1215 654 1254 689 et
1276 664 1374 702 quae
1395 652 1455 690 illi
1476 653 1611 691 favent
1632 652 1758 703 (velut

269 721 446 759 additum
481 719 553 771 §8
587 716 899 771 διανοεῖσθαι),
938 733 1076 770 parum
1110 722 1261 760 sincere
1293 726 1437 772 taceat,
1477 727 1561 761 tum
1600 735 1758 773 semper

268 791 478 840 Apoloyiae
509 791 619 829 rerba
649 791 694 828 in
715 791 1032 829 Memorabilibus
1063 792 1177 829 nzoclo
1208 793 1252 830 in
1283 793 1460 831 ieiunam
1491 797 1524 831 et
1556 794 1759 832 obscuram

269 865 464 900 eontracta
495 861 713 899 brevitatem
746 862 860 900 modo
893 862 1037 911 ineptis
1069 862 1346 901 additamentis
1367 864 1527 902 dilatata
1557 864 1760 914 depravari

268 932 389 970 aliave
420 932 571 970 ‘tutione
603 932 803 982 corrumpi
833 933 1021 981 affirmat,
1053 945 1123 971 cur
1153 937 1284 971 autem
1306 946 1385 972 non
1406 934 1620 983 Apologiae
1641 935 1759 974 verba

269 1015 319 1040 ex
351 1003 669 1041 Memorabilibus
701 1003 944 1042 emendando
967 1003 1273 1054 corrigendoque
1295 1005 1540 1053 concinnata,
1573 1005 1639 1044 sed
1663 1005 1759 1044 haec

267 1074 315 1111 ad
346 1073 503 1111 illorum
535 1075 763 1123 exemplum
785 1075 964 1113 confecta
986 1087 1073 1113 esse
1096 1075 1335 1113 censendum
1357 1075 1426 1125 sit,
1458 1075 1521 1114 via
1541 1088 1586 1114 ac
1607 1076 1758 1114 ratione

269 1145 534 1182 demonstrare
578 1144 833 1183 obliviscitur.
903 1144 1101 1192 Quantum
1144 1157 1237 1184 vero
1279 1146 1346 1184 isti
1384 1146 1652 1196 disquisitioni
1688 1146 1758 1185 tri-

267 1215 465 1253 buendum
509 1215 561 1253 sit
597 1219 856 1263 momentum,
901 1228 990 1254 eum
1035 1228 1173 1265 parum
1210 1216 1461 1266 perspexisse
1498 1217 1594 1255 haec
1630 1217 1757 1267 ipsius

268 1286 386 1323 verba
418 1286 512 1323 satis
545 1285 760 1323 declarant:
794 1286 908 1333 „Sed
935 1290 1082 1334 tamen,
1119 1287 1248 1336 inquit
1278 1299 1315 1336 p.
1341 1288 1412 1334 24,
1445 1288 1546 1325 hanc
1567 1288 1758 1337 quaestio-

270 1368 377 1402 nem,
410 1359 456 1393 ut
486 1368 510 1393 α
533 1356 733 1405 primario
764 1360 898 1395 nostro
929 1357 1091 1395 consilio
1123 1357 1313 1405 alienam,
1347 1358 1438 1395 aliis
1464 1358 1641 1407 penitius
1671 1370 1758 1396 exa-

269 1427 504 1464 minandam
537 1431 570 1464 et
593 1427 906 1476 persequendam
939 1428 1248 1477 relinquimus“.

388 1497 592 1536 Postremo
626 1501 718 1535 sect.
746 1499 794 1535 11
831 1498 880 1536 (10
912 1498 1074 1536 consilio
1106 1498 1231 1536 libelli
1265 1498 1463 1537 disserens
1485 1499 1655 1549 primum
1676 1512 1759 1538 non

263 1580 379 1617 posse
410 1568 451 1605 «id
480 1568 693 1616 indiynum
726 1568 980 1617 Xenophonte
1012 1569 1180 1606 iudicari
1211 1568 1363 1617 statuit,
1402 1569 1506 1619 quod
1542 1570 1622 1608 fere
1653 1570 1758 1608 idem

270 1642 364 1676 sect.
389 1640 411 1676 3
447 1638 733 1689 disputaverat3
766 1639 906 1677 deinde
938 1652 985 1677 ne
1015 1640 1212 1677 aberrasse
1233 1640 1390 1689 quidem
1410 1653 1580 1689 usquam
1601 1641 1647 1678 ab
1668 1653 1759 1679 con-

269 1709 358 1747 silio
390 1722 463 1747 suo
495 1713 688 1747 auctorem
719 1709 774 1747 ita
805 1710 934 1761 docet,
966 1714 1011 1747 ut
1041 1722 1278 1759 percurrens
1316 1722 1387 1760 per
1423 1714 1549 1749 totum
1578 1711 1758 1749 libellum

270 1792 389 1829 quam
421 1780 510 1817 bene
541 1780 678 1817 omnia
708 1783 741 1818 et
771 1793 862 1818 cum
893 1781 1055 1818 consilio
1092 1781 1322 1819 conveniant
1353 1784 1386 1819 et
1415 1781 1518 1819 inter
1553 1794 1592 1819 se
1627 1782 1758 1820 coliae-

268 1854 379 1888 reant
401 1850 496 1888 satis
518 1850 664 1888 diserte
686 1854 875 1900 exponat,
909 1851 1004 1901 quin
1031 1851 1149 1889 etiam
1170 1850 1229 1903 ἕξ
1252 1852 1428 1889 29-32
1448 1852 1759 1890 additamentum

270 1934 348 1959 csse
381 1924 416 1958 et
455 1922 616 1969 tempori
654 1922 690 1959 et
728 1922 805 1959 loco
843 1922 984 1970 eyreyie
1021 1922 1310 1959 accomodatum
1351 1934 1430 1960 non
1468 1922 1552 1961 sine
1589 1923 1758 1972 quadam

270 1991 518 2030 cavillatione
562 1993 765 2030 ostendere
814 1997 975 2030 conatur
1011 1993 1203 2031 monendo
1246 1993 1407 2031 solitum
1444 2006 1524 2031 esse
1563 1993 1759 2031 Socratem

270 2063 417 2100 utiliter
440 2067 644 2112 praecepta
674 2063 827 2112 insiyni
858 2064 988 2113 aliquo
1020 2064 1190 2113 exemplo
1221 2064 1437 2102 illustrare:
1477 2064 1606 2114 ‘atqui
1635 2064 1759 2114 Anyti

275 2133 473 2183 eremplo’,
508 2134 651 2183 inquit,
686 2134 803 2183 ‘quid
825 2138 978 2183 poterat
1007 2135 1168 2183 gnavius
1199 2138 1233 2171 et
1263 2134 1463 2183 efficacius
1494 2147 1574 2172 esse
1610 2135 1661 2172 ad
1697 2134 1758 2172 de-

271 2204 572 2242 monstrandum
610 2205 786 2242 hominis
821 2205 1040 2253 felicitatem
1079 2217 1161 2242 non
1198 2205 1238 2241 in
1279 2205 1428 2242 divitiis
1464 2208 1497 2242 et
1533 2205 1756 2252 honoribus,

270 2275 336 2312 secl
365 2275 448 2312 sola
478 2275 523 2312 in
554 2275 695 2312 virtute
725 2278 758 2312 et
789 2275 982 2324 sapientia
1006 2275 1180 2323 positam
1213 2275 1340 2313 esse?²
1374 2274 1425 2325 (p.
1450 2276 1567 2313 25-—
1581 2274 1661 2326 28).

390 2345 530 2394 Itaque
574 2357 715 2393 magna
758 2345 961 2394 diligentia
997 2345 1313 2383 Bornemannum
1355 2357 1471 2383 usum
1516 2357 1604 2383 esse
1642 2348 1680 2384 et
1715 2346 1757 2384 in

272 2415 500 2453 universum
531 2419 636 2453 recte
668 2416 947 2465 eleganterque
978 2415 1215 2453 iudicavisse
1236 2417 1369 2464 negari
1395 2428 1473 2453 non
1495 2419 1634 2464 potest.
1686 2417 1757 2455 At-

270 2489 401 2523 tamen
434 2486 510 2522 nisi
533 2486 636 2535 quod
659 2486 931 2524 Valckenaerii
954 2486 1263 2536 Schneiderique
1285 2486 1522 2524 offensiones
1543 2486 1757 2535 expedivit,

270 2556 339 2592 vix
382 2556 592 2606 quicquam
635 2556 684 2594 ad
730 2557 997 2606 quaestionem
1041 2561 1211 2594 nostram
1251 2556 1537 2594 diiudicandam
1581 2557 1757 2605 profecit.

269 2625 371 2664 Nam
401 2629 508 2664 totus
540 2626 581 2663 in
613 2639 657 2665 eo
688 2627 843 2675 haeret,
876 2631 937 2675 ut,
970 2639 1070 2677 quae
1103 2627 1250 2665 obiecta
1282 2629 1392 2664 erant
1425 2626 1487 2663 vel
1517 2625 1616 2664 obici
1647 2628 1757 2676 pote-

270 2701 373 2746 rant,
417 2697 578 2745 refutet,
622 2709 696 2736 nec
732 2701 865 2735 tamen
902 2710 946 2735 eo
984 2697 1176 2748 procedit,
1219 2698 1280 2746 ut,
1323 2708 1394 2734 0111
1429 2696 1756 2745 Xenophonteam

271 2779 357 2805 eam
388 2768 577 2805 ducamus
607 2779 769 2806 necesse
801 2768 870 2815 sit,
914 2767 1114 2816 ostendat3
1159 2779 1272 2816 porro
1309 2778 1399 2804 cum
1435 2766 1475 2802 in
1512 2766 1630 2805 rebus
1666 2768 1755 2816 plus

272 2837 401 2875 minus
433 2837 569 2876 otiosis
603 2841 775 2876 moretur
806 2838 869 2889 (01.
903 2842 995 2876 sect.
1021 2839 1057 2875 3.
1084 2839 1118 2875 7.
1145 2838 1179 2875 9.
1207 2835 1292 2887 11),
1323 2835 1593 2884 gravissimam
1620 2849 1755 2887 quam-

271 2919 347 2956 que
383 2908 650 2957 praetervolat
687 2911 743 2957 et,
789 2920 886 2958 quae
924 2909 1097 2958 placent,
1141 2907 1309 2945 affirmat
1346 2906 1470 2955 magis
1509 2918 1625 2956 quam
1663 2919 1755 2946 con-
