1820 3340
1485 259 1539 296 47

60 370 226 426 φήμαις
273 369 522 424 ἀνθρώπιον
569 370 778 423 χρώμενοι
829 372 993 424 φωναῖς
1036 370 1178 426 δήπου
1220 367 1542 425 τεκμαίρονται·

56 440 236 495 βροντὰς
273 438 320 481 δὲ
358 438 584 494 ἀμφιλέξει
616 456 683 490 τις
714 440 739 496 ἢ
769 441 828 496 μὴ
866 442 1023 496 φωνεῖν
1055 441 1080 496 ἢ
1110 441 1168 496 μὴ
1199 439 1400 495 μέγιστον
1438 439 1540 483 οἰω-

57 510 268 567 νιστήριον
306 504 436 561 cirac,-
480 510 504 565 ἡ
543 509 589 551 δὲ
619 512 772 552 Πυθοῖ
811 509 853 551 ἐν
884 517 944 567 τῷ
976 508 1154 565 τρίποδι
1200 507 1333 565 ἱέρεια
1376 510 1424 552 οὗ
1468 511 1541 553 καὶ

58 579 164 637 αὐτὴ
195 587 315 637 φωνῇ
346 580 401 621 τὰ
431 580 555 634 παρὰ
586 586 662 622 τοῦ
695 583 802 622 θεοῦ
833 579 1144 635 ὁιαγγέλλει,·1).
1194 584 1242 621 In
1274 596 1318 622 eo
1340 585 1444 622 enim
1466 586 1542 623 ela-

56 654 181 702 borat,
224 657 269 691 ut
306 654 405 690 nihil
442 654 534 691 novi
572 655 710 703 probet
747 654 994 692 daemonium
1031 655 1173 703 fuisse3
1217 666 1345 704 neque
1383 655 1424 692 id
1457 655 1540 693 31110

55 724 139 762 iure
171 724 338 773 quodam
370 723 447 761 dici
479 727 646 772 poterat:
686 736 784 762 nova
821 724 925 762 enim
956 736 1032 762 non
1064 727 1147 762 erat
1178 724 1363 763 divinatio
1400 737 1470 775 per
1501 738 1542 764 se

55 795 158 843 ipsa,
191 794 259 832 sed
292 799 375 832 erat
406 806 529 842 genus
562 794 824 832 divinationis.
887 794 971 832 Hoc
1003 806 1095 843 ergo
1128 795 1274 844 quippe
1305 795 1345 832 in
1378 808 1453 845 quo
1485 796 1542 833 rei

55 865 204 903 novitas
235 864 390 912 lateret,
424 865 710 902 obscurandum
748 867 830 902 erat
867 877 912 902 ac
943 865 1244 913 transeundum3
1283 865 1415 915 itaque
1452 878 1541 903 cum

54 936 95 972 in
126 935 316 985 Apologia
346 934 641 973 ratiocinatione
672 935 773 972 male
794 934 933 972 callida
964 935 1012 972 ad
1041 935 1081 972 id
1101 935 1250 984 ipsum,
1283 937 1386 985 quod
1408 939 1542 985 tegen-

55 1005 151 1043 dum
188 1009 226 1044 et
263 1006 310 1043 ab
348 1005 471 1043 0011113
508 1005 787 1043 removendum
825 1008 924 1054 erat,
969 1005 1115 1054 digitus
1160 1006 1404 1054 intendatur,
1449 1019 1541 1045 sane

56 1076 269 1125 prudenter
301 1098 356 1102 —
388 1088 478 1113 nam
509 1069 555 1113 αἱ
587 1070 781 1127 δεύτεραί
811 1088 910 1122 πως
946 1069 1170 1127 φροντίδες
1208 1073 1453 1129 σοφώτεραι
1485 1099 1540 1104 -

54 1147 150 1184 haec
180 1146 220 1183 in
242 1146 505 1184 Memorabilia
526 1146 745 1195 Xenophon
774 1158 850 1183 non
871 1146 1090 1195 transtulit,
1123 1147 1402 1197 commodeque
1425 1147 1541 1185 etiam

54 1228 196 1255 nomen
233 1221 376 1269 φωνῆς
417 1216 557 1254 vitavit
599 1216 729 1254 verbis
768 1216 982 1266 Apologiae
1020 1216 1128 1255 θεοῦ
1161 1229 1238 1264 μοι
1276 1215 1396 1271 φωνὴ
1435 1212 1540 1269 φαί-

55 1300 172 1325 νεται
205 1280 471 1340 σημαίνουσα
503 1283 571 1324 ὅτι
600 1284 677 1339 χρὴ
708 1285 854 1324 ποιεῖν
891 1288 931 1324 111
969 1287 1064 1325 haec
1096 1288 1313 1325 conversis:
1358 1286 1407 1326 τὸ
1441 1285 1538 1326 δαι-

54 1354 203 1408 μόνιον
235 1351 371 1409 ἑαυτῷ
404 1351 638 1411 σημαίνειν.

172 1440 255 1478 Iam
286 1452 377 1478 vero
409 1440 458 1477 ad
479 1439 681 1477 materiam
712 1440 759 1477 ab
781 1440 972 1489 Apologia
994 1440 1282 1489 suppeditatam
1303 1453 1402 1478 nova
1425 1454 1539 1491 quae-

55 1511 144 1548 dam
182 1510 231 1548 de
269 1522 340 1548 suo
377 1510 566 1559 applicat3
613 1522 699 1548 cum
745 1510 851 1548 enim
890 1510 951 1548 vel
996 1522 1046 1548 ex
1084 1511 1245 1549 Platone
1282 1512 1347 1549 vel
1383 1511 1540 1549 aliunde

54 1581 255 1619 didicisset
285 1581 331 1618 ab
364 1593 408 1618 ea
439 1592 593 1630 quoque
625 1580 823 1618 Socratem
855 1581 1078 1630 suspicione
1117 1593 1205 1619 esse
1237 1581 1539 1630 defendendum,

55 1651 163 1701 quasi
196 1651 325 1689 nullos
357 1650 513 1689 omnino
545 1651 775 1689 credidisset
806 1662 894 1688 esse
926 1651 1035 1699 deos,
1074 1652 1202 1700 ipsam
1241 1652 1324 1690 eius
1363 1652 1411 1690 de
1450 1652 1540 1690 dae-

54 1722 182 1760 monio
203 1721 424 1771 opinionem
445 1721 486 1758 in
508 1721 769 1771 suspicionem
790 1721 898 1758 illam
917 1721 1225 1771 impugnandam
1249 1721 1272 1773 ξ
1290 1724 1313 1761 5
1338 1723 1540 1761 convertit.

56 1792 185 1830 Suone
216 1804 306 1830 vero
338 1792 421 1830 1000
452 1791 529 1829 ista
559 1792 656 1830 ratio
683 1794 743 1830 est
764 1792 976 1830 collocata?
1036 1791 1176 1831 Nonne
1197 1794 1358 1831 verbum
1381 1787 1537 1841 καίτοι,

56 1875 131 1912 quo
163 1875 208 1900 ea
239 1862 401 1900 orationi
432 1862 635 1911 inseritur,
666 1862 785 1900 verba
816 1859 865 1900 τὸ
897 1859 1121 1912 δαιμόνιον
1152 1860 1230 1915 γὰρ
1263 1857 1346 1917 ἔφη
1379 1858 1539 1918 σημαί-

56 1945 141 1971 νειν
173 1936 341 1982 spectat,
373 1932 504 1982 itaque
536 1944 625 1970 cum
656 1933 720 1970 his
750 1936 840 1982 apte
872 1933 1142 1982 conjungenda
1179 1937 1240 1971 est
1275 1934 1351 1972 ista
1383 1938 1539 1972 senten-

54 2004 133 2042 tia‘?
185 2002 261 2050 Qui
286 2007 418 2041 autem
450 2003 533 2050 fiat,
565 2006 610 2041 ut
639 2003 767 2041 aliena
799 2003 892 2041 sede
925 2015 969 2041 ea
1001 2015 1045 2041 ac
1074 2016 1149 2042 non
1171 2007 1261 2042 ante
1292 2005 1541 2042 enuntiatum

56 2073 159 2124 quod
192 2077 253 2111 est
284 2069 359 2112 καὶ
390 2070 572 2120 πολλοῖς
603 2076 687 2111 τῶν
719 2070 928 2112 συνόντων
959 2069 1033 2112 κτὲ
1065 2074 1191 2123 posita
1213 2075 1473 2123 offendamus,
1506 2075 1539 2113 si

55 2144 224 2194 quaeris,
238 2144 481 2194 Apologiam‚
505 2144 633 2192 sodes,
656 2144 732 2192 adi,
754 2156 987 2194 responsum
1004 2144 1074 2182 tibi
1092 2145 1214 2183 dabit:
1238 2146 1291 2183 ibi
1314 2146 1418 2184 enim
1440 2157 1539 2195 quae

54 2226 96 2253 se
109 2215 315 2264 conjuncta
329 2216 550 2263 offerebant,
568 2215 776 2264 conjuncta
790 2227 835 2253 ea
843 2215 1063 2264 Xenophon
1080 2215 1122 2253 in
1136 2215 1400 2254 Memorabilia
1416 2219 1539 2254 trans-

53 2285 145 2323 tulit
166 2288 205 2323 et
225 2285 275 2323 ad
295 2286 412 2324 finem
435 2286 591 2323 demum
614 2298 765 2333 eorum,
790 2298 889 2335 quae
910 2285 993 2324 11110
1014 2286 1061 2324 (10
1084 2287 1212 2336 priore
1233 2287 1539 2324 insimulationis

53 2360 162 2406 parte
205 2356 406 2404 dicuntur,
457 2368 596 2394 novam
638 2356 896 2405 appendicem
932 2357 1259 2403 accommodavit,
1304 2357 1539 2395 commjsura

54 2425 156 2463 male
187 2426 443 2465 dissimulata.

175 2624 208 2665 1)
240 2621 337 2664 Quae
369 2622 624 2666 argumentatio
655 2624 824 2667 quantum
857 2621 974 2657 valeat
1003 2624 1114 2666 patet:
1155 2623 1281 2667 φωνὴν
1311 2623 1404 2657 enim
1442 2622 1539 2658 illam

55 2684 311 2728 σημαίνουσαν
337 2680 356 2713 ὃ
380 2693 415 2714 τι
433 2681 505 2726 χρὴ
532 2684 654 2714 ποιεῖν
679 2681 722 2716 ab
747 2680 816 2715 illis
843 2681 932 2715 aeris
958 2681 1238 2725 perculsionibus
1264 2681 1539 2716 diversissimam

55 2750 132 2775 esse
157 2739 336 2774 neminem
361 2740 499 2783 poterat
523 2739 656 2784 fugere.
706 2741 761 2774 An
788 2741 908 2774 auctor
932 2739 1124 2783 Apologiae
1150 2750 1274 2773 verum
1292 2749 1417 2774 sonum
1434 2739 1538 2773 intel-

54 2798 192 2843 legebat
217 2798 386 2832 divinitus
412 2797 546 2833 Socrati
573 2797 786 2842 contigisse?
837 2797 951 2840 Quam
975 2797 1082 2832 huius
1113 2797 1179 2832 loci
1210 2798 1538 2842 interpretationem

55 2857 284 2892 vehementer
309 2857 587 2891 commendatam
621 2857 728 2892 velim
760 2856 950 2902 Apologiae
983 2856 1291 2891 obtrectatoribus:
1324 2867 1392 2901 quo
1424 2858 1536 2901 pacto,

56 2916 187 2960 dicent,
213 2915 441 2960 Xenophonti
467 2926 619 2950 errorem
645 2915 811 2960 imputari
837 2915 918 2950 licet
942 2917 1015 2950 tam
1040 2915 1200 2951 foedum!
