1820 3340
1481 232 1533 271 29

47 362 99 389 ex
129 350 242 399 Apol.
274 349 485 387 translatae
518 352 626 397 sunt,
658 349 873 387 rationibus
904 348 1126 398 discrepare
1138 348 1184 399 1)⁷
1215 349 1270 386 ita
1300 349 1460 398 quidem
1490 352 1535 387 ut

47 421 99 469 is⁷
132 420 200 470 qui
225 423 467 458 senectutem
493 430 515 458 0
540 420 810 469 philosophica
840 419 909 457 illa
939 420 1087 458 ratione
1111 419 1423 457 Memorabilium
1448 432 1535 469 pro-

46 491 132 541 pria
168 493 332 538 metuat,
372 502 414 528 se
445 489 563 528 etiam
595 492 642 528 ob
674 490 874 528 molestias
906 489 1003 527 istas
1036 489 1247 539 Apologiae
1279 501 1364 527 eam
1395 490 1535 527 timere

46 561 208 601 minime
253 562 304 599 sit
347 562 533 599 (licturus.
597 560 708 608 Quod
752 574 841 599 oum
885 561 1007 599 nihilo
1051 561 1181 598 minus
1224 561 1292 598 fiat
1328 559 1370 597 in
1407 559 1535 608 Mem.7

46 644 175 670 nonne
219 631 332 669 illam
378 644 428 669 ex
460 625 652 678 διανοίας
695 631 929 670 detrimento
972 630 1348 680 argumentationem
1391 642 1536 668 novum

47 714 221 752 pannum
251 702 291 739 in
323 705 433 740 veste
461 705 592 740 vetere
614 714 701 740 esse
723 704 831 751 patet
853 704 893 739 et
914 701 1125 751 Apologiae
1148 701 1375 751 exemplum
1398 700 1537 750 capitis

47 773 158 811 illius
195 776 394 811 auctorem
432 772 597 810 nimium
630 776 809 810 secutum
842 774 952 810 esse?
1012 771 1248 809 Emendavit
1278 771 1399 820 igitur
1429 771 1538 808 illam

52 843 121 882 sed
152 843 299 892 media,
333 847 376 881 ut
407 843 558 890 dicunt,
590 843 632 880 in
664 843 726 880 via
764 842 951 880 constitit.
1004 842 1153 880 Verum
1184 854 1233 879 ne
1264 841 1350 891 ipsa
1381 841 1539 891 quidem

50 913 271 951 emendatio
303 917 364 951 est
395 913 510 951 felix:
545 913 613 963 qui
645 913 751 950 enim
782 913 978 961 cogitandi
1009 912 1236 950 facultatem
1267 912 1372 961 apud
1404 923 1537 949 omnes

48 985 225 1022 homines
257 983 451 1022 debilitari
483 986 686 1022 senectute
717 986 869 1032 poterat
899 983 1112 1030 affirmare,
1153 994 1245 1022 cum
1276 982 1537 1020 clarissimum

49 1066 244 1104 quemque
276 1054 404 1091 virum
434 1054 484 1091 ad
516 1066 709 1091 summam
732 1057 973 1091 senectutem
994 1053 1142 1091 vixisse
1164 1056 1319 1091 constet
1342 1052 1538 1101 cogitandi

48 1125 235 1163 facultate
256 1124 356 1162 nihil
372 1126 596 1162 attenuata?
628 1124 710 1161 Vix
731 1124 847 1162 credo
868 1123 990 1172 igitur
1010 1124 1088 1161 tale
1111 1123 1320 1173 quicquam
1341 1126 1540 1161 auctorem

48 1195 171 1234 fuisse
207 1196 422 1245 dicturum,
467 1195 545 1233 nisi
587 1207 720 1233 ansam
765 1195 800 1232 ei
843 1194 1087 1244 praebuisset
1129 1194 1340 1232 alterarum
1383 1193 1539 1231 illarum

49 1277 179 1303 rerum
222 1265 386 1303 mentio:
436 1265 490 1302 ita
533 1265 714 1314 sperabat
756 1264 909 1313 pondus
952 1263 1109 1302 illarum
1151 1276 1289 1313 parum
1333 1276 1452 1312 grave
1496 1275 1537 1302 se

48 1338 256 1374 aucturum
294 1347 399 1384 0000;
444 1335 513 1372 00(1
550 1347 640 1373 011111
677 1335 806 1384 priora
843 1335 912 1372 illa
950 1335 998 1372 de
1037 1338 1238 1373 senectute
1276 1334 1422 1384 optime
1461 1333 1536 1372 clici

48 1409 226 1455 possent,
265 1406 337 1444 1100
368 1417 446 1443 11011
477 1405 590 1443 110111;
634 1418 727 1453 ergo
758 1405 931 1443 alienum
962 1408 1023 1443 est
1054 1406 1102 1443 ab
1134 1408 1214 1443 toto
1246 1405 1320 1443 hoc
1351 1408 1538 1443 contextu

51 1480 90 1514 et
120 1476 322 1525 postmodo
353 1475 510 1513 demum
541 1476 596 1514 ita
626 1475 886 1523 inculcatum,
918 1479 961 1514 ut
992 1476 1140 1514 alienae
1179 1475 1340 1525 originis
1371 1475 1541 1524 vestigia

50 1549 189 1585 extent
218 1546 428 1585 luculenta.

172 1708 206 1751 l)
237 1707 290 1742 De
329 1718 397 1752 qua
433 1718 471 1742 re
502 1708 623 1742 audire
661 1708 832 1742 conducat
864 1707 965 1752 Apol.
999 1707 1253 1750 adversarium,
1285 1707 1391 1741 Mem.
1419 1707 1542 1751 capitis

49 1767 271 1801 defensorem
297 1768 481 1800 strenuum
506 1766 667 1801 Pohlium
696 1766 768 1810 (1.1.
795 1778 828 1810 p.
844 1767 896 1810 6):
926 1766 1025 1810 „Nur
1048 1777 1110 1800 um
1136 1766 1237 1800 einen
1255 1766 1390 1808 Punkt,
1416 1766 1540 1810 inquit,

50 1826 144 1860 kann
175 1826 236 1859 der
261 1825 483 1860 Sokratische
509 1825 647 1859 Beweis
680 1825 756 1859 sich
781 1825 959 1870 bewegen.
1011 1825 1118 1859 Nicht
1143 1824 1388 1859 sentimentale
1413 1825 1540 1869 Klage-

50 1883 160 1918 lieder
197 1883 285 1918 iiber
316 1884 371 1918 die
403 1884 557 1918 'ausseren
588 1884 847 1918 Besohwerden
885 1885 946 1918 des
978 1884 1135 1918 1101101011
1167 1884 1285 1918 Alters
1323 1884 1449 1918 diirfen
1480 1884 1543 1917 wir

52 1949 233 1977 emvarten.
283 1942 357 1976 Der
388 1942 553 1976 Vorwurf
582 1943 644 1977 der
674 1942 834 1986 Feigheit
871 1942 1001 1976 konnte
1033 1943 1113 1976 dem
1146 1942 1245 1977 80111.
1278 1942 1376 1976 1110111
1407 1945 1543 1986 erspart

53 2002 213 2044 werden,
241 2012 342 2035 wenn
369 2012 407 2035 er
432 2012 470 2036 so
495 2001 646 2045 nichtige
674 2001 816 2035 Griinde
844 2001 901 2034 fiir
925 2001 1068 2045 111101111ξέΓ
1093 2012 1208 2046 genug
1233 2001 1379 2044 ansahe,
1413 2001 1463 2035 sie
1490 2000 1542 2035 als

50 2060 507 2104 Entsoheidungsmomente
533 2060 569 2093 in
595 2060 662 2094 (len
683 2059 876 2094 Ratsohluss
903 2060 1018 2093 seines
1037 2060 1158 2094 Gottes
1184 2071 1227 2093 zu
1246 2060 1419 2104 verlegen.
1458 2059 1542 2095 Sein

50 2119 261 2153 Damonium
286 2119 382 2153 hatte
408 2119 481 2153 ihm
513 2120 605 2154 dann
636 2119 701 2152 mit
725 2119 859 2153 seinem
885 2119 1113 2153 Widerstand
1139 2129 1249 2163 gegen
1275 2119 1330 2153 die
1353 2119 1542 2153 Vorberei-

51 2180 138 2222 tung
174 2177 236 2211 auf
270 2177 346 2212 eine
377 2177 561 2212 wirksame
588 2177 841 2222 Verteidigung
872 2177 969 2211 nicht
1000 2188 1043 2211 zu
1075 2177 1171 2211 einer
1197 2177 1274 2220 Tat,
1314 2178 1466 2212 sondern
1498 2188 1542 2211 zu

51 2236 164 2280 feiger
195 2236 321 2270 Flucht
357 2236 551 2271 verholfen.
603 2236 689 2271 Eine
727 2247 765 2270 so
798 2236 952 2270 eminent
984 2236 1137 2270 sittliche
1168 2236 1446 2271 Personliohkeit
1476 2236 1542 2270 wie

52 2294 150 2329 Sokr.
184 2295 300 2329 durfte
325 2295 380 2329 die
405 2295 602 2341 Erkl'arung
626 2296 687 2330 des
715 2295 991 2339 G'otterwillens,
1025 2295 1091 2330 dass
1118 2306 1155 2329 01
1179 2306 1253 2329 111111
1279 2295 1420 2330 sterben
1445 2295 1541 2337 00110,

51 2354 218 2397 nirgends
249 2354 375 2388 anders
407 2354 459 2389 als
490 2354 526 2387 in
558 2355 620 2389 der
651 2354 847 2388 Gewissheit
879 2354 1011 2399 finden,
1043 2354 1109 2388 dass
1137 2354 1212 2388 sein
1239 2354 1399 2388 weiteres
1424 2354 1542 2389 Leben

51 2412 289 2448 unvereinbar
320 2413 370 2447 sei
395 2413 460 2447 mit
485 2414 553 2447 den
578 2413 755 2448 sittliohen
781 2413 898 2447 Zielen
924 2413 1039 2447 seines
1064 2413 1246 2448 Daseins.“
1298 2413 1398 2456 Quod
1424 2415 1542 2448 autem

52 2471 152 2506 Pohl.
180 2472 227 2516 (p.
243 2472 296 2515 9):
337 2471 422 2516 „Mit
449 2472 528 2507 dem
555 2473 644 2519 ὁρᾶν
670 2484 706 2506 τε
732 2473 793 2505 καὶ
820 2472 966 2506 ἀκούειν
992 2469 1116 2516 ἧττον,
1143 2472 1273 2517 inquit,
1307 2473 1352 2507 ist
1376 2473 1437 2507 das
1464 2472 1542 2506 δια-

53 2533 224 2565 νοεῖσθαι
242 2533 370 2576 χεῖρον
395 2531 568 2576 gegeben‚
594 2531 675 2566 weil
701 2530 755 2565 die
781 2531 999 2575 Unterlagen
1017 2532 1078 2566 des
1096 2531 1340 2575 begrifflichen
1363 2531 1540 2575 Denkens,

53 2589 109 2624 die
141 2589 608 2634 Sinueswahmehmungen,
647 2601 716 2624 von
753 2590 1018 2634 geschwiichten
1049 2589 1182 2624 Sinnen
1220 2591 1300 2624 dem
1337 2590 1543 2624 denkenden

53 2647 199 2693 Subjekt
223 2648 320 2682 nicht
343 2648 419 2682 rein
444 2648 659 2683 tiber-mittelt
676 2649 851 2693 werden“‚
879 2649 1070 2693 captiosius
1096 2649 1161 2683 hoc
1187 2659 1265 2683 esse
1292 2660 1397 2693 quam
1422 2649 1543 2683 verius

53 2706 115 2740 vix
140 2716 227 2751 opus
254 2708 307 2741 est
331 2717 484 2742 monere.
523 2709 651 2742 Annon
675 2707 838 2742 videmus
864 2709 916 2741 tot
941 2707 1036 2741 viros
1054 2707 1267 2741 clarissimos
1286 2707 1390 2741 etiam
1409 2707 1543 2741 affectis

53 2767 236 2799 senectute
262 2766 422 2800 sensibus
449 2765 594 2809 διανοίᾳ
620 2766 707 2800 nihil
731 2768 910 2801 attenuata
934 2765 1117 2810 vigentes?
1156 2765 1200 2799 Et
1222 2765 1300 2799 ideo
1318 2776 1541 2810 quemquam,

54 2824 135 2868 quia
171 2824 262 2859 vitro
299 2825 331 2859 ei
369 2825 411 2860 ad
447 2824 636 2869 legendum
667 2835 754 2869 opus
786 2826 855 2867 est,
895 2824 1028 2859 minore
1060 2824 1232 2868 cogitandi
1265 2823 1431 2859 facultate
1464 2834 1543 2859 esse

54 2882 278 2927 putabimus?
