1820 3340
1502 263 1526 302 9

46 377 203 416 modum
240 380 280 415 et
317 377 431 415 facile
468 378 714 426 intellegitur
750 381 789 416 et
826 378 926 416 infra
963 379 1207 428 ostendetur3
1252 380 1358 417 fraus
1396 382 1527 417 autem

45 447 132 486 ideo
163 460 186 485 a
216 447 488 497 probabilitate
520 448 702 486 abhorret
733 449 855 496 omni,
889 449 980 498 quia
1009 449 1211 487 falsarium
1243 449 1311 486 vix
1338 449 1412 486 viri
1444 452 1529 487 tum

45 529 186 556 nomen
223 517 442 565 allexisset,
481 521 614 566 utpote
651 519 755 568 quod
792 523 919 557 aetate
955 519 1079 557 multo
1118 519 1332 569 posteriore
1369 520 1528 558 demum

47 609 98 616 —-
131 588 222 626 inde
252 601 274 626 a
306 587 505 626 Ciceronis
543 590 623 627 fere
656 593 695 627 et
726 589 905 638 Dionysii
945 590 1304 628 Halicarnassensis
1343 590 1527 640 tempori-

43 659 116 696 bus
148 680 202 684 —
234 658 342 696 illam
373 659 638 696 celebritatem
669 663 971 698 consecuturum
1003 663 1119 698 esset.
1171 660 1309 710 Itaque
1337 660 1435 709 ipsis
1464 660 1527 698 his

43 728 276 767 testimoniis
313 729 379 776 iis,
425 729 491 778 qui
529 729 761 778 Apologiam
804 730 1047 779 adoriuntur,
1092 730 1417 780 impedimentum
1463 731 1529 768 ob-

44 799 209 838 struitur
238 811 354 848 aegre
386 800 658 847 superandum.

311 915 343 970 g
366 914 409 957 2.
461 914 530 957 De
561 914 817 969 Apologiae
850 927 1021 969 genere
1055 915 1262 958 dicendi.

160 998 284 1036 Multo
315 1002 445 1037 tamen
477 998 631 1037 maioris
663 999 846 1049 ponderis
879 1004 984 1047 sunt,
1017 1012 1117 1049 quae
1144 1000 1218 1037 iam
1244 1000 1293 1037 de
1316 1000 1528 1050 Apologiae

42 1081 183 1118 genere
214 1069 369 1107 dicendi
381 1069 408 1119 l)
441 1069 650 1108 disserturi
683 1082 830 1108 sumus.
882 1070 1185 1120 Xenophontem
1213 1070 1317 1108 enim
1345 1083 1390 1108 00
1418 1082 1529 1120 prae-

43 1139 155 1189 cipue
191 1152 214 1178 a
249 1140 413 1190 reliquis
450 1140 559 1178 illius
592 1141 738 1178 saeculi
777 1140 1033 1190 scriptoribus
1064 1141 1204 1179 Atticis
1239 1141 1382 1179 distare
1414 1153 1528 1179 nemo

43 1211 185 1258 nescit,
225 1211 328 1260 quod
358 1211 565 1261 permultis
597 1211 796 1249 vocabulis
827 1215 894 1249 aut
927 1212 1082 1249 omnino
1114 1225 1137 1250 a
1167 1212 1277 1250 nullo
1308 1212 1384 1250 alio
1415 1224 1528 1249 usur-

42 1281 146 1331 patis
182 1285 249 1319 aut
286 1282 466 1331 poeticis,
505 1281 736 1331 dialecticis,
775 1282 821 1320 ab
860 1282 1018 1331 optimis
1056 1282 1224 1332 denique
1263 1294 1360 1332 quos
1392 1282 1530 1320 dicunt

44 1351 295 1401 scriptoribus
326 1352 464 1390 alienis
497 1356 536 1391 et
566 1350 641 1405 τὴν
673 1350 816 1406 κοινὴν
842 1348 1066 1391 ὄιάλεκῖον
1091 1353 1398 1402 anticipantibus
1410 1352 1438 1403 ²)
1470 1353 1530 1390 uti

45 1421 153 1460 solet.
217 1421 300 1469 Quo
332 1434 475 1471 genere
506 1423 783 1461 vocabulorum
814 1423 1004 1473 Apologia
1036 1435 1128 1461 vere
1159 1424 1340 1461 abundat.

163 1491 200 1542 1)
232 1492 504 1542 Xenophontis
536 1494 641 1531 enim
672 1493 829 1543 propria
862 1497 955 1532 sunt
987 1494 1084 1532 haec
1115 1494 1320 1532 vocabula:

99 1557 352 1615 προσεθίζει)
390 1563 428 1615 (ἓ
453 1562 538 1614 25),
584 1564 688 1614 quod
731 1565 778 1602 ab
816 1564 1011 1602 Atticistis
1056 1565 1289 1614 quibusdam
1326 1568 1530 1614 receptum

159 1636 237 1683 est3
271 1635 318 1672 cf.
352 1634 613 1685 Schmidium‚
645 1635 878 1673 Atticismus
899 1635 961 1672 IV
986 1637 1080 1674 656.

101 1699 324 1757 ἅμφιλέγω
362 1704 400 1756 (ξ
424 1705 508 1756 12),
554 1705 657 1755 quod
698 1705 792 1743 alibi
828 1705 869 1743 in
908 1705 1052 1744 litteris
1092 1705 1249 1744 Graecis
1261 1706 1289 1756 3)
1336 1718 1529 1756 nusquam

159 1776 317 1813 offertur
343 1775 418 1813 nisi
446 1776 519 1814 hoc
545 1788 624 1814 uno
651 1776 735 1814 loco
760 1777 883 1815 Anab.
905 1776 925 1814 I
948 1778 1056 1824 5,11,
1091 1788 1209 1826 quem
1229 1777 1360 1815 locum
1388 1776 1530 1815 Suidae

161 1878 195 1920 1)
221 1877 275 1911 De
302 1889 368 1921 quo
395 1878 459 1922 ita,
485 1880 526 1912 ut
555 1889 668 1922 pauca
698 1878 785 1912 mihi
812 1889 901 1922 quae
927 1879 1098 1913 adderem
1124 1878 1429 1923 relinquerentur,
1457 1879 1529 1923 egit

42 1936 286 1976 Immischius,
313 1936 379 1970 Die
399 1939 464 1980 Ap.
484 1937 545 1971 des
563 1937 675 1980 Xen.,
702 1938 803 1972 Neue
822 1937 945 1972 Jahrb.
964 1938 990 1971 f.
1007 1938 1038 1971 d.
1058 1937 1102 1971 kl.
1121 1937 1192 1972 Alt.
1212 1938 1244 1971 V
1265 1938 1371 1980 1000,
1398 1938 1467 1973 405
1483 1948 1528 1972 ss.

159 1994 195 2039 2)
223 1997 319 2029 ‘cuni
337 1996 589 2030 recentioribus
607 1996 818 2031 communia’
840 1996 1014 2041 Sauppius
1034 1997 1087 2031 ed.
1107 1998 1248 2031 stereot.
1262 1997 1295 2030 V
1309 1996 1395 2039 2983
1424 2007 1529 2041 quem

43 2054 216 2088 conferas.

159 2113 195 2157 3)
221 2113 298 2146 Nisi
324 2113 417 2156 quod
442 2113 656 2148 adiectivum
682 2113 824 2148 verbale
852 2114 1075 2160 ἀμφίλεκτος
1100 2114 1193 2158 apud
1216 2113 1436 2158 Aeschylum
1463 2116 1528 2152 ter,

42 2171 135 2215 apud
159 2172 243 2206 Eur.
263 2171 374 2206 semel
399 2171 590 2207 invenitur.
621 2172 781 2206 Verbum
799 2173 991 2219 ἀμφιλέγω
1018 2173 1135 2217 ipsum
1159 2175 1345 2217 praeterea
1363 2173 1400 2207 in
1417 2173 1530 2207 tribus

42 2230 328 2275 inscriptionibus
348 2231 543 2266 dialecticis
562 2237 758 2275 comparet:
785 2232 822 2265 111
840 2231 958 2266 tabula
976 2232 1226 2275 Labyadarum
1243 2232 1391 2276 Delphis
1409 2233 1530 2276 paucis

42 2289 143 2324 annis
170 2291 249 2333 post
274 2290 405 2324 saeculi
431 2301 461 2324 a.
481 2290 563 2326 Chr.
582 2302 615 2324 n.
635 2291 688 2324 IV
714 2290 854 2324 initium
882 2291 1074 2325 constituta
1094 2291 1248 2331 (Griech.
1267 2291 1529 2325 Dial.-Inschr.

42 2349 96 2382 ed.
124 2347 426 2384 Collitz-Bechtel
445 2349 535 2384 2561
550 2361 662 2388 4218&
683 2366 726 2378 =
744 2349 903 2384 Dittenb.
937 2349 1042 2393 Syll.²
1067 2351 1136 2385 438
1150 2362 1193 2388 42.
1217 2351 1299 2393 138);
1339 2350 1375 2383 in
1414 2349 1530 2394 lapide

41 2407 217 2452 Megarico
244 2407 338 2441 intra
363 2418 473 2442 annos
492 2419 521 2442 a.
541 2408 622 2444 Chr.
649 2421 683 2442 11.
704 2409 771 2443 243
790 2410 826 2443 01
844 2409 911 2443 223
939 2409 1069 2452 scripto
1097 2409 1251 2453 (Griech.
1270 2409 1530 2444 Dial.-Inschr.

42 2466 165 2504 30253
191 2483 234 2495 =
259 2466 417 2501 Dittenb.
451 2466 562 2511 8)*11.2
585 2468 654 2502 452
674 2469 722 2511 3)3
761 2468 798 2501 in
835 2468 1063 2512 inscriptione
1103 2468 1243 2504 Cretica
1273 2468 1353 2502 Deli
1390 2471 1533 2512 reperta

44 2524 175 2559 saeculi
193 2536 221 2560 a.
242 2525 323 2561 Chr.
342 2537 376 2560 n.
395 2526 433 2560 Π
452 2526 615 2561 exeuntis
636 2526 741 2571 (Bull.
762 2527 858 2562 Corr.
878 2526 972 2561 Hell.
994 2527 1100 2571 1879,
1119 2539 1151 2571 p.
1171 2527 1241 2561 292
1256 2540 1289 2565 10
1307 2545 1351 2555 ε
1370 2527 1529 2561 Dittenb.

43 2583 146 2627 Sym
169 2585 237 2618 514
251 2585 308 2629 10).
360 2584 528 2620 Ceterum
560 2585 667 2619 etiam
691 2596 797 2620 voces
830 2587 1076 2632 ἀμφιλλογεΐν
1107 2589 1143 2620 01
1174 2587 1404 2632 ιἐμᾳιλλογὰι
1436 2586 1527 2620 haud

42 2653 142 2677 rarae
161 2645 245 2677 sunt
261 2642 297 2677 in
315 2643 603 2688 inscriptionibus
620 2646 711 2678 teste
731 2644 874 2688 quidem
887 2644 1143 2679 Herwerdenio
1159 2645 1259 2689 (Lex.
1276 2646 1399 2679 Graec.
1416 2644 1529 2688 suppl.

44 2711 71 2736 s,
86 2712 118 2735 v.
145 2702 389 2748 ἀμφιλλὲγωχ
415 2704 520 2747 atque
546 2703 690 2737 videtur
714 2705 842 2737 01111013
867 2703 935 2737 ista
960 2703 1095 2737 familia
1120 2704 1171 2738 eis
1191 2704 1352 2746 Graecis,
1380 2714 1531 2747 quorum

43 2759 202 2795 dialectis
216 2761 413 2795 communis
427 2763 483 2796 est
501 2766 524 2795 ἴι
541 2772 648 2796 sonus
663 2763 906 2805 conservatus,
926 2761 1130 2796 sollemnior
1142 2762 1253 2796 fuisse
1269 2773 1375 2806 quam
1390 2763 1532 2808 ἀμφισ-

44 2821 156 2861 βητέω
182 2820 218 2853 01
243 2830 330 2863 quae
357 2820 400 2855 ab
427 2831 467 2855 eo
494 2821 710 2855 derivantur.
760 2822 865 2856 Unde
898 2821 1005 2866 igitur
1030 2820 1090 2855 illa
1121 2821 1158 2854 in
1184 2831 1385 2855 sermonem
1408 2821 1531 2855 Xeno-

45 2877 187 2920 phontis
204 2878 418 2913 influxerint
436 2879 565 2925 ἀνδρὸς
582 2880 620 2914 ἐν
638 2883 841 2926 στρατείαις
858 2880 1098 2925 σχολάζοντος
1114 2882 1176 2913 καὶ
1194 2880 1302 2917 ξένων
1321 2883 1533 2919 συνουσίαις

44 2936 99 2980 (111
123 2936 172 2971 ait
196 2937 383 2973 Helladius
409 2938 445 2972 in
470 2938 575 2973 Photi
601 2938 683 2973 bibl.
702 2939 796 2976 5331>
817 2939 892 2983 25),
920 2939 989 2974 13111
1014 2950 1086 2974 11011
1110 2940 1229 2983 potest
1255 2939 1418 2974 dubitari.
