1820 3340
234 215 287 252 88

232 343 359 381 progr.
383 331 531 369 Vimar.
565 331 700 380 editis,
732 331 910 380 repetitis
941 343 974 368 a.
1001 332 1112 370 1784
1144 331 1185 368 in
1212 332 1318 370 calce
1338 332 1648 371 Memorabilium
1670 334 1719 372 ab

233 401 370 440 eodem
401 401 443 438 in
468 401 643 450 linguam
667 402 916 439 vernaculam
938 401 1263 452 translatoruml)
1316 401 1409 451 Qui,
1440 416 1510 441 cur
1530 403 1720 453 Apologia

232 485 255 509 a
287 472 541 521 Xenophonte
571 472 829 509 abiudicanda
859 472 911 509 sit
942 485 1031 510 eum¹
1052 485 1173 522 neque
1203 472 1495 511 Valekenaerius
1517 474 1720 512 ostenderit

233 555 355 591 neque
391 543 473 591 ipse
510 542 720 589 invenerit,
765 542 1030 591 defensionem
1074 543 1157 581 eius
1200 556 1240 581 se
1282 544 1474 593 suscipere
1517 544 1722 593 profitetur

233 613 309 650 ‘vel
337 612 609 662 interpellandi
639 625 778 660 causa,
812 625 858 650 ne
879 617 1011 650 ratum
1032 617 1194 662 putetur
1215 614 1425 665 iudicium,
1458 615 1515 652 vel
1535 618 1579 652 ut
1599 615 1720 653 auda-

231 683 319 720 cnla
349 683 571 732 defensione
601 696 690 721 mea
713 684 916 732 provocati
945 684 1023 721 viri
1053 684 1152 722 docti
1183 688 1216 722 et
1249 684 1414 723 lacessiti
1445 697 1542 734 quae
1561 685 1607 723 in
1619 685 1720 735 pha-

232 754 346 791 retris
382 754 473 792 suis
503 757 647 803 parata
684 754 846 792 habeant
883 754 1032 803 spicula
1074 755 1119 792 in
1160 756 1391 804 Apoloyiam
1427 755 1614 802 Socratis,
1659 768 1720 794 ea:-

224 825 442 873 promant’.
494 825 635 874 Itaque
656 825 894 862 enumeratis
916 825 1087 874 primum
1108 825 1265 864 indiciis
1287 826 1523 876 quibusdam
1545 826 1721 864 externis

233 917 285 921 —
320 895 507 933 librorum
539 895 898 945 manuscriptorum
929 896 1178 944 auctoritate,
1211 896 1400 945 Diogenis
1431 896 1578 935 Laertii
1609 897 1721 935 testi-

232 965 390 1013 moniis,
424 965 621 1004 Ciceronis
653 966 721 1004 illo
753 966 838 1005 loeo
871 966 920 1004 de
942 979 995 1004 or.
1017 967 1037 1004 1
1061 967 1115 1005 54
1150 989 1205 994 —
1238 967 1448 1005 consilium
1471 967 1586 1005 libelli
1605 980 1721 1016 aryu-

231 1040 482 1086 mentumque
531 1037 760 1074 universum
811 1037 918 1074 haud
959 1038 1087 1086 maqis
1132 1050 1251 1087 quam
1294 1038 1545 1087 singularum
1588 1050 1718 1076 rerum

232 1107 495 1145 tractationem
529 1107 784 1156 Xenophonte
811 1107 1020 1157 quicquam
1042 1108 1254 1156 indiqnurn
1275 1108 1409 1146 habere
1431 1109 1586 1158 statuit3
1618 1108 1722 1146 nihil

232 1190 311 1215 esse
342 1178 531 1225 otiosum)
563 1178 667 1216 nihil
697 1179 748 1216 ad
777 1191 860 1216 rem
890 1191 972 1216 non
996 1179 1209 1228 pertinere,
1249 1179 1315 1216 sed
1351 1179 1486 1217 omnia
1510 1179 1722 1228 prudenter

231 1248 389 1286 inventa
421 1249 555 1286 ordine
587 1249 779 1298 disposita
801 1249 988 1298 eleganter
1009 1253 1167 1298 apteque
1188 1261 1331 1287 conexa
1351 1253 1385 1287 et
1405 1250 1610 1287 enuntiata
1630 1262 1721 1288 esse.

231 1318 386 1357 Deinde
418 1320 522 1369 quod
554 1320 679 1357 multa
717 1328 808 1357 oum
846 1319 1164 1358 Memorabilibus
1203 1320 1425 1358 communia
1463 1320 1543 1358 sint
1578 1321 1722 1370 Apolo-

232 1390 336 1439 giae,
368 1390 410 1427 id
440 1390 495 1428 ita
527 1390 710 1440 expedit,
749 1394 794 1428 ut
825 1391 975 1428 diversa
1005 1391 1154 1429 ratione
1186 1395 1219 1429 et
1249 1391 1411 1429 consilio
1443 1403 1488 1429 ea
1517 1391 1580 1429 hie
1609 1394 1723 1440 atque

231 1460 312 1498 illic
334 1461 493 1510 prolata
525 1474 604 1499 esse
636 1465 808 1510 moneat3
844 1474 940 1511 quae
971 1465 1102 1499 autem
1133 1461 1176 1499 de
1208 1462 1412 1500 dae-monio
1437 1462 1588 1500 Socrati
1608 1462 1721 1500 resis-

233 1535 329 1569 tente
361 1535 394 1569 et
425 1532 468 1569 de
499 1533 704 1570 senectutis
736 1532 995 1570 incommodis
1017 1532 1198 1570 dieantur
1217 1533 1355 1570 minus
1368 1532 1608 1581 probabilia,
1640 1545 1721 1570 non

234 1601 389 1640 licuisse
427 1602 679 1652 Xenophonti
715 1615 757 1641 ea
790 1603 997 1652 praeterire
1041 1606 1108 1640 aut
1145 1607 1296 1640 mutare
1338 1606 1468 1652 utpote
1506 1615 1530 1640 a
1569 1602 1723 1641 Socrate

232 1673 318 1722 ipso
350 1673 473 1721 dicta;
520 1674 559 1711 in
594 1673 776 1723 reliquis,
822 1686 991 1723 quorum
1028 1674 1128 1711 ratio
1167 1674 1212 1711 ab
1250 1673 1334 1722 ipso
1371 1674 1423 1711 sit
1453 1673 1635 1722 scriptore
1665 1686 1721 1711 re-

231 1744 443 1792 poscenda,
476 1744 580 1782 nihil
610 1745 774 1782 omnino
789 1756 963 1793 pravum
987 1743 1226 1793 deprehendi.
1278 1744 1481 1782 Postremo
1503 1756 1550 1781 ne
1572 1743 1723 1782 dicendi

233 1814 386 1863 quidem
418 1827 542 1864 yenus
574 1827 597 1851 a
629 1815 882 1864 Xenophonte
915 1814 1087 1852 alienum
1122 1827 1201 1852 esse
1232 1814 1364 1863 docet,
1402 1814 1596 1863 siquidem
1627 1827 1722 1852 ana-

232 1885 401 1932 colutha,
434 1886 739 1924 constructiones
778 1883 889 1923 κατὰ
922 1881 1101 1932 σύνεσιν)
1142 1885 1329 1923 antitheta
1357 1897 1508 1934 parum
1545 1886 1722 1924 accurate

231 1956 307 1993 sibi
337 1956 630 2005 respondentia,
665 1957 816 2006 ellipses
847 1956 1017 1995 rariores
1048 1969 1169 2006 neque
1206 1956 1298 1993 aliis
1329 1955 1440 1994 bonis
1470 1955 1721 2005 scriptoribus

230 2039 351 2076 neque
382 2027 634 2076 Xenophonti
665 2028 817 2075 absin&
848 2031 1052 2078 testesque
1084 2028 1151 2064 dat
1178 2027 1298 2065 Henr.
1324 2026 1565 2075 Stephanum
1589 2026 1720 2064 Casta-

230 2097 394 2145 lionem,
427 2098 669 2148 Ernestium‚
708 2099 849 2148 quippe
888 2099 957 2148 qui
987 2098 1090 2136 nihil
1126 2098 1171 2136 in
1203 2097 1413 2147 Apoloyiae
1448 2109 1624 2135 sermone
1661 2097 1722 2147 of-

231 2169 437 2217 fenderint.

348 2251 486 2301 Itaque
518 2252 710 2290 Heinzius
742 2252 899 2290 etiamsi
930 2251 971 2289 in
996 2251 1275 2289 accuratiorem
1311 2251 1557 2299 singularum
1588 2262 1719 2288 rerum

232 2321 551 2360 deliberationem
583 2335 722 2372 parum
755 2322 975 2370 deseendit,
1021 2322 1105 2359 sani
1136 2326 1270 2360 tamen
1300 2321 1436 2359 iudicii
1473 2333 1518 2359 ao
1555 2320 1720 2359 eircum-

232 2392 357 2441 speoti
388 2392 547 2431 laudem
578 2393 722 2430 meruit
753 2396 869 2442 atque
902 2393 950 2430 ad
981 2392 1254 2430 infirmandam
1286 2394 1409 2439 certe,
1442 2391 1483 2428 id
1514 2391 1620 2442 quod
1647 2391 1720 2430 sibi

230 2466 501 2512 proposuerat,
534 2463 807 2501 Vaickenaerii
838 2463 955 2501 fidem
988 2475 1088 2513 quae
1117 2463 1212 2501 satis
1236 2474 1434 2512 superque
1457 2461 1719 2511 suppetebant

231 2533 374 2571 attulit.
430 2534 483 2571 At
516 2533 723 2584 perpaucis
756 2537 799 2572 ut
827 2534 983 2572 videtur
1017 2533 1202 2572 exaudita
1235 2545 1312 2572 vox
1354 2532 1439 2571 eius
1479 2533 1590 2570 irrita
1630 2544 1719 2570 eva-

351 2731 384 2774 1)
412 2730 632 2774 Xenophons
658 2730 736 2764 vier
760 2729 904 2764 Bticher
928 2730 1021 2764 soler.
1052 2729 1193 2763 Denhw.
1221 2729 1298 2763 und
1324 2728 1501 2763 Vertheid.
1529 2728 1590 2762 des
1617 2727 1716 2762 Sokr.

229 2789 347 2823 ilbers.
375 2800 404 2823 υ.
431 2789 510 2823 Joh.
536 2788 648 2823 Mich.
676 2788 827 2823 Heinxe.
878 2788 979 2823 Neue
1003 2788 1096 2822 verb.
1123 2788 1201 2822 und
1226 2798 1334 2822 verm.
1355 2786 1453 2831 Aufl.
1504 2785 1716 2829 Vin1‚1784,

231 2858 263 2891 p.
279 2847 488 2882 403—416.
