1820 3340
1500 263 1554 299 45

73 380 203 429 partes
246 378 357 427 quasi
400 377 556 415 vinculo
601 378 767 427 quodam
812 377 1012 426 colligatas
1055 377 1157 415 inter
1200 388 1242 415 se
1285 377 1557 415 cohaerescere

73 451 231 498 apparet
274 447 483 494 eiusmodi,
528 451 571 485 ut
615 448 724 486 nullo
767 451 880 497 pacto
923 459 1060 485 manca
1103 447 1229 485 videri
1273 448 1414 497 possit,
1458 447 1556 485 nihil

72 530 239 567 usquam
271 518 529 565 desideretur,
562 518 601 555 id
623 518 725 567 quod
752 529 839 556 esse
861 517 928 554 vix
950 521 1097 566 posset,
1131 517 1164 555 si
1195 529 1244 555 ex
1266 517 1379 555 Mem.
1414 530 1458 555 ea
1489 530 1556 555 ex-

74 592 207 637 cerpta
238 592 352 626 esset.
415 588 513 625 Cum
551 588 721 637 denique
760 588 810 626 sit
848 588 1037 637 Apologia
1077 588 1247 637 simplex
1290 587 1342 625 ita
1385 591 1423 626 et
1466 591 1557 631 tota,

73 659 251 708 quamvis
283 670 359 707 quo
391 670 468 695 non
500 659 718 707 oportebat,
749 662 789 696 at
821 658 957 696 eodem
980 661 1084 696 certe
1105 658 1257 705 tendat,
1290 658 1557 696 Memorabilia

72 728 179 766 limis
211 728 324 778 quasi
355 728 479 766 oculis
510 728 632 766 altero
665 740 727 775 eo,
760 740 836 778 quo
859 729 970 777 Apol.
993 728 1295 777 Xenophontea,
1328 729 1449 766 altero
1481 741 1556 778 quo

72 799 289 847 Platonica,
328 801 488 848 spectat.
552 798 663 836 Unde
702 798 796 848 quid
834 802 1024 847 emergat,
1068 799 1197 836 verbis
1244 799 1310 835 vix
1355 810 1452 847 opus
1497 804 1556 836 est

71 869 270 919 persequi:
315 868 620 907 contaminatum
663 881 766 916 esse,
810 872 854 906 ut
893 868 1180 918 philologorum
1218 880 1302 906 mos
1340 872 1400 906 est
1438 869 1555 918 loqui,

72 939 383 978 Memorabilium
416 939 620 977 exordium
653 951 703 977 ex
734 939 948 988 Apologiae
981 939 1049 976 illa
1081 939 1253 977 oratione
1284 943 1322 976 et
1354 939 1556 977 sententiis

71 1009 228 1048 aliunde
258 1010 453 1059 repetitis,
487 1021 586 1059 quae
609 1009 797 1048 veriorem
830 1009 879 1047 de
902 1009 1070 1047 Socratis
1102 1009 1170 1047 lite
1194 1010 1430 1058 praebebant
1452 1010 1555 1058 cogi-

71 1079 268 1118 tationem.

189 1151 318 1200 Atque
350 1151 486 1188 umbra
519 1150 552 1187 si
582 1149 660 1187 iam
697 1150 848 1199 reliqua
886 1150 1012 1199 possit
1047 1162 1135 1188 esse
1174 1149 1443 1198 dubitationis,
1476 1150 1556 1188 dis-

71 1220 252 1268 cutietur,
284 1220 351 1258 ubi
372 1220 421 1258 ad
442 1221 607 1258 formam
630 1220 815 1258 orationis
838 1220 946 1257 illius
969 1221 1093 1258 aciem
1114 1221 1408 1258 intenderimus.
1463 1220 1555 1259 Tota

72 1291 176 1329 enim
209 1291 322 1340 quasi
354 1303 403 1329 ex
435 1303 512 1328 uno
544 1291 673 1340 lapide
705 1291 911 1340 exsculpta
933 1295 1008 1339 est,
1041 1303 1119 1328 uno
1151 1296 1190 1328 et
1211 1294 1399 1340 perpetuo
1422 1295 1556 1329 tenore

71 1361 260 1408 decurrit,
294 1361 423 1399 onmia
453 1360 555 1398 inter
586 1373 628 1398 se
660 1364 750 1410 apte
781 1361 989 1399 cohaerent
1026 1361 1315 1399 continuatione
1347 1362 1557 1400 sententia·

71 1443 159 1469 rum
197 1432 376 1481 serieque
419 1443 616 1481 nusquam
653 1431 787 1469 incisa.
857 1431 1120 1481 Inspiciamus
1163 1432 1328 1480 cursim,
1373 1433 1556 1482 quemad-

70 1502 228 1539 modum
249 1501 461 1551 posteriora
483 1513 663 1551 quaeque
685 1502 880 1551 prioribus
895 1514 1047 1539 annexa
1061 1502 1351 1540 continuentur.
1386 1503 1556 1540 Exordio

73 1571 179 1611 em'm
209 1575 344 1610 auctor
374 1572 421 1610 ab
452 1572 622 1610 formula
643 1572 902 1610 accusationis
925 1573 1027 1610 facto
1048 1576 1255 1622 postquam
1276 1573 1386 1622 prius
1409 1573 1557 1611 crimen

71 1642 124 1680 ita
161 1642 292 1691 diluit,
336 1645 381 1680 ut
418 1643 588 1692 primum
632 1642 680 1680 de
718 1642 919 1680 sacrificiis
958 1642 1126 1681 Socratis
1164 1647 1339 1681 moneret
1376 1644 1556 1693 publicis,

71 1712 213 1750 deinde
245 1712 293 1750 de
325 1712 528 1751 daemonio
560 1713 663 1762 quod
694 1725 715 1751 e
746 1725 788 1751 re
820 1725 908 1751 esse
940 1713 1145 1751 videbatur
1176 1718 1408 1763 exponeret,
1448 1714 1557 1752 facil-

71 1782 164 1820 limo
201 1783 248 1820 ab
280 1783 403 1821 altero
440 1784 489 1821 ad
527 1783 692 1821 alterum
730 1783 918 1821 honorem
955 1783 1133 1821 divinum
1170 1784 1341 1822 transitu
1383 1784 1432 1823 ad
1476 1797 1557 1823 ora-

71 1853 203 1891 culum
236 1852 334 1890 illud
365 1853 576 1902 Pythicum
609 1853 763 1902 defluit,
796 1866 872 1903 quo
903 1854 1001 1892 deus
1034 1854 1082 1892 de
1105 1854 1261 1892 Socrate
1289 1855 1556 1893 testimonium

71 1923 233 1961 dicebat.
295 1924 378 1962 Hoc
409 1936 545 1962 rursus
576 1925 718 1962 invitat
748 1925 795 1962 ad
829 1936 957 1962 mores
989 1924 1063 1962 viri
1094 1925 1325 1975 explicando
1356 1926 1442 1975 ipso
1475 1939 1556 1964 ora-

71 1993 159 2032 culo
191 1993 462 2044 illustrandos3
496 2007 572 2044 quo
603 1995 704 2033 facto
737 1995 884 2033 sensim
917 1995 1002 2033 sine
1034 2007 1150 2033 sensu
1190 1996 1342 2045 lapsam
1378 1997 1557 2035 videmus

71 2064 285 2102 orationem
322 2065 372 2102 ad
408 2065 686 2103 infirmandum
730 2066 878 2103 crimen
921 2066 1099 2104 alterum.
1163 2065 1288 2113 Quid?
1333 2079 1460 2105 nonne
1504 2067 1557 2106 ita

70 2134 177 2172 aliud
209 2146 259 2173 ex
290 2135 365 2173 alio
397 2135 581 2187 nectitur,
613 2139 657 2173 ut
679 2136 712 2173 si
735 2148 853 2173 unam
876 2147 1009 2174 vocem
1031 2136 1218 2184 moveris,
1251 2137 1381 2175 labent
1402 2138 1554 2176 omnia?

70 2203 208 2255 Neque
239 2208 371 2243 tamen
402 2206 467 2243 hic
497 2217 625 2244 nexus
657 2209 739 2244 arte
771 2206 973 2256 quaesitus
1005 2218 1092 2245 esse
1131 2219 1206 2245 nec
1244 2208 1461 2246 elaboratus
1500 2209 1556 2246 vi-

70 2274 201 2323 detur,
234 2276 304 2313 sed
325 2276 442 2325 plane
474 2276 644 2326 simplex
676 2280 714 2314 et
746 2277 858 2326 quasi
889 2277 1091 2326 fortuitus3
1125 2281 1242 2327 atque
1264 2278 1427 2316 iuvenili
1460 2291 1554 2328 quo-

71 2345 160 2383 dam
199 2346 327 2384 studio
364 2346 550 2384 incitatus
587 2350 720 2385 auctor
762 2347 832 2384 illa
869 2347 979 2396 quasi
1017 2359 1096 2385 uno
1138 2348 1277 2398 spiritu
1315 2349 1557 2388 continenter

70 2416 229 2465 profert.
280 2416 388 2455 Haec
408 2420 539 2455 autem
561 2417 682 2456 oratio
703 2417 758 2455 ita
779 2421 1000 2467 comparata
1021 2430 1117 2456 num
1138 2422 1267 2468 potest
1289 2420 1556 2468 conglutinata

70 2497 123 2524 ex
143 2486 374 2535 fragmentis
406 2499 494 2526 esse
514 2488 845 2536 Memorabilium,
878 2500 977 2537 quae
1009 2488 1042 2526 si
1070 2501 1160 2527 cum
1181 2489 1250 2527 illa
1270 2491 1555 2540 comparaveris

70 2557 260 2606 dissipata
290 2557 497 2596 videntur?

189 2627 332 2666 Contra
363 2628 690 2677 quemadmodum
723 2628 1034 2667 Memorabilium
1072 2633 1207 2668 auctor
1244 2631 1475 2680 Apologiam
1512 2635 1555 2670 ut

70 2697 124 2736 ita
153 2697 279 2736 dicam
311 2698 483 2747 subigat,
515 2698 592 2737 alia
622 2699 707 2736 eius
738 2700 869 2737 verbis
901 2699 1096 2747 addendo,
1129 2700 1203 2738 alia
1226 2701 1438 2739 resecando
1469 2701 1554 2740 illo-

70 2780 157 2806 rum
187 2767 342 2806 initium
374 2769 520 2817 edolet,
554 2781 646 2808 sane
677 2770 877 2808 commode
910 2770 1001 2808 licet
1032 2771 1226 2820 persequi.
1290 2770 1374 2818 Qua
1411 2771 1452 2809 in
1489 2771 1555 2810 de-

75 2840 358 2877 monstratione
390 2840 525 2889 quanti
557 2852 735 2890 quaeque
768 2852 919 2889 eorum,
952 2853 1050 2890 quae
1072 2841 1261 2890 prolaturi
1284 2853 1431 2890 sumus,
1462 2855 1556 2892 pon-

71 2907 176 2947 deris
220 2909 315 2958 sint,
368 2909 450 2948 sive
494 2922 592 2960 quae
642 2911 1006 2961 interpretationem
1059 2912 1224 2951 fortasse
1272 2912 1390 2951 etiam
1438 2913 1553 2952 aliam
