1820 3340
369 328 454 367 Hoc
483 341 574 367 vero
606 329 829 368 testimonio
861 330 1064 369 decenniis
1096 330 1285 368 habemus
1316 329 1426 380 prius
1457 330 1606 381 aliquot
1636 331 1739 380 apud

249 399 495 437 Athenaeum
525 400 656 451 218e,
694 400 729 438 si
765 400 859 439 licet
895 401 1014 438 huius
1053 401 1188 439 verba:
1233 396 1352 453 7,Κάν
1394 397 1562 448 τούτοις
1598 395 1645 439 δὲ
1680 399 1739 455 μὴ

251 465 485 523 ξυμφωνῶν
522 466 724 523 Ξενοφῶν
762 481 889 525 φησι·
923 471 1233 524 Χαιρεφῶντος
1264 467 1343 524 γάρ
1376 483 1488 511 ποτε
1519 467 1739 526 ἐπερωτή-

250 551 402 587 σαντος
434 536 477 579 ἐν
508 538 697 594 Δελφοῖς
727 536 838 594 ὑπὲρ
871 537 975 591 ἐμοῦ
1008 537 1169 580 ἀνεῖλεν
1201 539 1224 580 ὁ
1245 535 1486 581 Ἀπόλλων
1521 539 1735 595 <πολλῶν>

248 607 476 663 παρόντων
518 607 680 666 μηδένα
726 603 835 651 εἶναι
881 608 1132 665 ἀνθρώπιον
1178 608 1282 663 ἐμοῦ
1322 610 1429 667 μήτε
1474 609 1741 665 δικαιότερον

249 679 356 735 μήτε
401 677 770 735 σωφρονέστερονιι
816 683 881 733 (=
916 684 990 733 Ap.
1009 682 1077 734 14)
1115 684 1163 721 ad
1201 683 1437 722 Herodicum
1481 684 1741 733 Babylonium

250 765 339 790 cum
371 753 672 792 Wilamowitzio
686 753 713 803 1)
750 754 896 792 referre
930 766 1026 793 saec.
1060 767 1092 792 a.
1123 754 1213 792 Chr.
1247 767 1283 793 n.
1317 755 1439 793 altero
1451 754 1480 805 2)
1517 755 1739 796 florentem:

250 823 354 873 quod
392 823 556 861 dubium
593 836 681 862 esse
713 825 808 874 quin
847 825 964 863 liceat
994 825 1063 862 vix
1097 828 1244 874 potest,
1283 826 1479 875 siquidem
1518 837 1595 864 non
1627 825 1740 864 modo

249 894 365 944 paulo
401 898 492 932 ante
523 907 561 944 p.
587 896 709 933 215f.
746 891 977 948 εΗρόδικον
1013 892 1086 934 τὸν
1123 893 1389 949 Κρατήτειον
1421 891 1464 934 ἐν
1494 895 1585 943 τοῖς
1629 892 1742 949 πρὸς

249 961 322 1002 τὸν
343 961 682 1020 Φιλοσωκράτην
702 966 835 1004 laudat
857 970 895 1005 et
917 966 1033 1016 paulo
1055 970 1144 1016 post
1165 980 1201 1017 p.
1219 968 1334 1005 2190
1355 967 1522 1005 eundem
1542 970 1740 1005 auctorem

249 1036 377 1083 affert,
411 1036 478 1074 sed
504 1037 620 1074 etiam
651 1040 757 1075 totus
788 1037 822 1075 is
853 1037 981 1085 locus,
1014 1050 1063 1076 ex
1086 1050 1161 1088 quo
1183 1038 1252 1076 illa
1273 1038 1390 1076 verba
1412 1037 1740 1088 deprompsimus,

249 1106 452 1156 aptissime
483 1107 525 1144 in
556 1107 677 1145 istum
703 1108 888 1146 Herodici
916 1108 1059 1146 librum
1093 1109 1266 1158 quadrat.

368 1177 545 1215 Tertium
565 1178 835 1217 testimonium
858 1182 987 1217 exstat
1014 1179 1055 1216 in
1078 1179 1196 1218 schol.
1220 1179 1270 1217 ad
1291 1179 1390 1217 Plat.
1413 1179 1545 1229 Apol,
1575 1191 1741 1230 quorum

250 1247 361 1286 initio
397 1248 493 1287 haec
529 1249 734 1298 leguntur:
785 1241 919 1296 Οὗτος
958 1247 980 1288 ὁ
1009 1241 1189 1297 ’Ἀνυτος
1226 1243 1516 1300 Ἀνθεμίωνος
1552 1245 1602 1304 ἦν
1638 1243 1742 1298 υἱός,

250 1314 485 1373 Ἀθηναῖος
515 1314 649 1371 γένος,
683 1315 962 1372 Ἀλκιβιάδου
994 1316 1190 1374 ἐραστής,
1223 1317 1431 1367 πλούσιος
1463 1316 1510 1359 ἐκ
1540 1317 1742 1374 βυρσοδε-

252 1394 402 1443 ψίκῆς·
433 1387 538 1429 ὅθεν
567 1386 641 1429 καὶ
664 1389 972 1441 σκωπτόμενος
993 1388 1081 1430 ὑπὸ
1103 1388 1356 1444 Σωκράτους
1377 1388 1451 1430 διὰ
1473 1395 1598 1430 τοῦτο
1622 1422 1654 1430 ..
1669 1421 1677 1430 .
1693 1391 1742 1438 ,3)

250 1454 399 1499 ἔπεισε
429 1461 581 1514 μισθιῖ
603 1458 807 1516 ΜΙέλητον
839 1456 1037 1514 ἀσεβείας
1068 1460 1232 1516 γραφὴν
1260 1459 1406 1501 δοῦναι
1429 1459 1543 1501 κατὰ
1563 1458 1742 1515 Σωκρά-

249 1543 357 1578 τους.
410 1527 645 1587 Μέμνηται
667 1526 839 1580 Λυσίας
871 1528 913 1571 ἐν
935 1529 1188 1586 Σωκράτους
1209 1527 1446 1587 Ἀπολογίᾳ
1479 1528 1565 1572 καὶ
1586 1530 1742 1575 Ξενο-

249 1605 354 1653 φῶν
387 1597 577 1653 ὁμοίως
608 1599 681 1642 καὶ
713 1599 1000 1657 Ἀριστόξενος
1031 1598 1076 1643 ἓν
1106 1604 1167 1657 τῷ
1198 1603 1451 1656 Σωκράτους
1487 1597 1589 1656 βίῳ,
1631 1635 1639 1643 .
1663 1604 1742 1655 .“.3)

254 1669 526 1724 Θεόπομπος
557 1669 604 1712 δὲ
630 1671 942 1728 Στρατιώτισιν
973 1668 1189 1727 Ἐμβάδαν
1221 1670 1349 1713 αὐτὸν
1381 1665 1480 1713 εἶπε
1511 1671 1635 1728 παρὰ
1666 1672 1744 1722 τὰς

250 1739 459 1796 ἐμβάδας,
511 1740 611 1784 ἐπεὶ
661 1741 735 1784 καὶ
769 1738 1025 1798 ’Ἀρχιππος
1066 1740 1256 1795 Ἰχθύσιν
1306 1740 1367 1793 εἷς
1416 1741 1572 1785 σκυτέα
1616 1741 1744 1784 αὐτὸν

251 1812 457 1854 σκώπτει.
521 1815 628 1863 Quae
667 1817 773 1855 unde
809 1817 1060 1855 scholiastam
1092 1817 1299 1867 repetiisse
1329 1817 1594 1856 arbitremur?
1655 1817 1743 1854 Pla-

249 1889 383 1924 tonem
420 1899 563 1936 quaeso
595 1887 761 1926 Bekkeri
801 1888 960 1926 evolvas
998 1891 1037 1926 et
1077 1900 1155 1926 non
1190 1900 1290 1938 quae
1322 1888 1472 1938 reliqua
1505 1891 1598 1926 sunt
1628 1887 1743 1925 modo

250 1956 357 1994 illius
396 1961 525 2006 notae,
563 1958 633 1996 sed
671 1962 856 1997 cunctum
894 1959 1126 1997 scholiastae
1165 1959 1215 1996 ad
1252 1959 1485 2009 Apologiam
1522 1958 1743 2008 perlustres

250 2031 499 2077 apparatum:
544 2041 674 2067 nonne
711 2029 951 2068 Alexandria
988 2029 1187 2068 videbitur
1224 2041 1274 2068 ex
1312 2030 1385 2068 hac
1422 2032 1504 2067 tam
1541 2029 1740 2079 exquisita

251 2098 427 2136 doctrina
469 2099 662 2148 redolere,
707 2103 746 2138 et
789 2100 1065 2138 florentissima
1107 2100 1266 2150 quidem
1304 2099 1598 2138 Alexandrinae
1636 2102 1743 2138 aetas

252 2169 509 2208 eruditionis?
578 2170 768 2218 Quocirca
811 2171 930 2209 huius
972 2172 1087 2209 testis
1130 2170 1404 2209 auctoritatem
1447 2182 1614 2220 aequare
1652 2182 1742 2208 cum

253 2240 518 2289 superioribus
549 2242 731 2291 equidem
763 2241 862 2279 nihil
892 2254 1031 2280 moror.

370 2311 432 2348 Ex
475 2312 537 2350 his
581 2315 713 2350 autem
751 2312 1019 2362 consequitur,
1064 2316 1109 2350 ut
1145 2312 1353 2362 Apologia,
1398 2312 1431 2350 si
1472 2311 1744 2362 Xenophontis

253 2381 412 2419 nomine
443 2383 584 2420 iniuria
616 2383 667 2421 sit
698 2386 850 2431 ornata,
882 2383 959 2421 iam
991 2386 1080 2421 ante
1112 2382 1282 2421 alterum
1313 2383 1395 2421 fere
1426 2395 1458 2420 a.
1483 2382 1572 2421 Chr.
1594 2394 1632 2420 n.
1661 2394 1744 2420 sae-

253 2452 385 2490 culum
423 2453 620 2491 censenda
658 2453 709 2491 sit
745 2453 849 2491 inter
885 2453 996 2492 illius
1034 2465 1150 2503 opera
1187 2453 1413 2502 irrepsisse3
1457 2453 1499 2490 id
1536 2452 1640 2503 quod
1677 2456 1743 2490 aut

253 2534 347 2560 casu
378 2535 585 2574 erroreque
618 2523 737 2575 (sicut
768 2525 808 2561 in
829 2524 971 2563 Athen.
994 2523 1123 2574 Rep.),
1155 2527 1223 2562 aut
1254 2523 1392 2562 fraude
1422 2523 1570 2562 falsarii
1595 2523 1742 2561 factum

254 2604 342 2631 esse
380 2606 541 2632 necesse
579 2594 640 2632 sit.
702 2594 824 2644 Atqui
862 2594 910 2632 de
944 2606 1037 2632 casu
1070 2594 1233 2643 cogitari
1263 2606 1342 2632 non
1372 2597 1518 2644 potest,
1557 2593 1743 2644 quemad-

374 2709 407 2751 1)
435 2719 466 2741 v.
488 2709 562 2752 W,
590 2708 656 2743 Die
683 2708 849 2752 Xenoph.
877 2708 1065 2753 Apologie,
1092 2708 1246 2742 Hermes
1263 2707 1415 2743 XXXII
1429 2708 1474 2743 99
1499 2719 1534 2742 n.
1552 2709 1582 2742 1.

373 2767 408 2810 2)
436 2766 489 2802 Cf.
523 2769 643 2801 tamen
674 2767 944 2812 Susemihlium,
979 2767 1106 2802 Gesch.
1138 2768 1170 2801 d.
1194 2767 1327 2811 griech.
1352 2767 1436 2801 Litt.
1468 2767 1504 2800 in
1530 2767 1562 2801 d.
1590 2766 1745 2801 Alexan-

255 2825 443 2860 drinerzeit
468 2826 591 2861 v01.11
615 2827 710 2871 Lips.
732 2826 822 2862 1892
848 2838 881 2870 p.
901 2826 970 2862 684
988 2837 1014 2860 s.
1043 2828 1078 2860 et
1104 2827 1211 2870 praef.
1238 2837 1271 2870 p.
1290 2826 1334 2860 V.

373 2884 408 2928 3)
435 2885 586 2920 Bekkeri
613 2888 696 2920 sunt
721 2886 808 2921 haec
835 2888 981 2930 puncta3
1008 2885 1091 2929 quid
1118 2885 1244 2930 velint,
1271 2884 1398 2920 nescio.
