1820 3340
1459 219 1541 256 119

61 342 94 376 et
131 336 371 375 veneratione
414 336 578 385 repletus
616 339 688 382 est,
733 335 769 372 is
808 335 921 372 talem
964 334 1220 372 conditionem
1263 334 1328 371 vix
1364 346 1544 383 unquam

59 407 299 457 coyitaverit;
331 406 397 444 sed
418 407 555 455 potius
576 418 657 443 non
678 405 882 451 dubitabit,
920 405 1114 443 Socratem
1137 404 1318 442 omnium
1338 407 1542 453 praestan-

61 478 259 516 tissimum
291 476 482 523 iudicare,
521 477 563 514 id
600 476 702 525 quod
736 476 830 525 facit
861 475 1080 524 Xenophon
1111 474 1225 513 IVIem.
1247 474 1274 512 Ι
1279 475 1313 511 V
1330 476 1356 512 8
1387 478 1477 512 extr.
1510 478 1542 511 et

60 547 160 585 Plat.
188 547 332 585 Criton.
370 559 398 585 c.
428 547 531 584 4412?
600 546 894 595 Xenophontem
937 545 1093 594 quidem
1130 544 1340 582 certissime
1377 544 1543 593 optativo

51 618 258 667 potentiali
277 630 448 655 usurum
479 616 616 665 fuisse.
668 617 868 654 Praeterea
900 619 1028 653 autem
1059 618 1295 653 structuram
1316 615 1437 664 liujus
1458 627 1542 652 sen-

61 688 197 726 tentiae
227 700 271 725 ex
293 688 406 725 Mem.
428 687 454 724 I
458 687 494 723 V
510 688 549 733 8,
570 695 610 728 11
636 690 726 724 eoetr.
751 679 802 733 (εἰ
825 680 872 723 δέ
897 699 952 737 τῳ
973 682 1032 738 μὴ
1065 680 1232 737 ἀρέσκει
1256 688 1389 722 ταῦτα
1422 681 1540 733 mh),

59 759 168 796 verba
198 771 242 796 επ
263 759 292 807 §
314 760 354 795 11
376 758 429 795 in.
453 757 621 806 decerpta
651 757 709 794 ita
729 768 827 803 esse,
862 759 925 793 ‘ut
947 759 1079 793 auctor
1099 756 1209 793 verba
1240 755 1291 792 ad
1309 768 1391 793 rem
1405 755 1544 804 procul

59 829 174 866 dubio
209 828 466 877 yrav'issima:
505 824 617 879 πρὸς
649 822 798 879 ἀρετῆς
831 821 1103 876 ἐπιμέλειαν,
1143 826 1240 863 satis
1277 825 1543 874 imprudenter

57 899 253 936 omiserit.'
299 900 350 936 At
371 899 418 936 cf.
439 898 502 935 vel
524 897 638 936 Mem.
660 897 717 935 IV
741 899 776 945 8,
795 907 823 938 1.
848 920 901 924 ——
925 896 1065 946 Itaque
1097 895 1261 945 dignum
1292 896 1409 934 finem
1433 895 1542 933 vides

56 968 149 1007 huic
180 968 463 1007 dissertationis
494 967 612 1017 capiti
643 970 839 1005 auctorem
870 967 1115 1016 imposuisse.

174 1051 247 1088 III.
287 1050 414 1088 Tertia
449 1050 619 1099 denique
650 1049 989 1087 commentationis
1026 1053 1136 1098 parte
1176 1049 1246 1086 ‘ad
1281 1048 1542 1097 contemplan-

57 1121 148 1158 dam
178 1121 429 1169 sinyularum
459 1132 596 1158 vocum
624 1131 884 1168 yenerumque
914 1119 1066 1156 dicendi
1096 1119 1288 1156 rationem
1312 1131 1540 1167 comparan-

55 1192 220 1241 damque
251 1191 366 1229 libelli
385 1191 680 1239 inseriptionem
711 1194 743 1227 et
774 1190 949 1238 formam
974 1202 1062 1226 cum
1094 1190 1277 1227 universa
1299 1189 1382 1226 eius
1403 1189 1539 1226 indole'

56 1262 286 1311 Caspersius
317 1261 481 1310 accedit3
515 1273 591 1310 qua
622 1264 731 1309 parte
764 1272 864 1309 quae
896 1260 1071 1308 collegit,
1104 1259 1274 1297 breviter
1304 1271 1349 1297 ac
1370 1271 1540 1296 summa-

54 1332 125 1369 tim
157 1331 447 1370 recensebimus
478 1331 630 1380 adjecta
651 1330 884 1368 refutatione
915 1329 1042 1378 nulla,
1075 1330 1221 1379 quippe
1253 1342 1369 1379 quam
1401 1333 1441 1367 et
1472 1341 1542 1379 per

55 1414 97 1440 se
129 1402 215 1452 ipsa
247 1405 284 1440 et
306 1405 394 1451 post
425 1413 485 1449 ea,
519 1413 616 1451 quae
648 1401 687 1438 in
721 1404 830 1450 parte
850 1400 870 1437 1
902 1400 950 1438 de
981 1412 1123 1449 genere
1150 1400 1306 1438 dicendi
1328 1399 1540 1449 Apologiae

52 1472 327 1519 disseruimus,
363 1484 412 1510 ne
444 1471 668 1509 desiderent
699 1471 856 1521 quidem
888 1471 966 1509 illa.

172 1542 485 1592 Reprehenditur
506 1541 626 1590 igitur
657 1541 852 1579 articulus
883 1545 971 1579 ante
1000 1541 1229 1579 vocabulum
1250 1536 1442 1587 θάναιος
1469 1541 1498 1590 ,ξ
1521 1543 1540 1577 I

54 1613 248 1650 omissus:
287 1612 457 1661 exempla
494 1612 599 1649 enim
631 1625 655 1649 a
686 1612 964 1649 Bornemanno
1001 1624 1046 1648 eac
1076 1611 1391 1649 Memorabilibus
1422 1611 1540 1648 allata

54 1683 100 1720 ab
126 1682 294 1720 hocloco
315 1695 395 1720 esse
416 1682 565 1719 aliena:
598 1681 753 1719 nullam
785 1682 891 1719 enim
922 1682 965 1718 in
998 1681 1053 1718 eis
1083 1681 1212 1719 inesse
1243 1681 1536 1730 oppositionem,

55 1765 173 1802 quare
204 1756 337 1790 utrum
361 1752 550 1790 articulus
573 1755 749 1801 ponatur
768 1765 885 1790 necne
905 1752 1008 1789 nihil
1038 1751 1117 1789 illic
1138 1752 1338 1789 interesse:
1371 1752 1433 1789 liic
1453 1764 1538 1790 vero

52 1823 154 1860 inter
195 1835 235 1860 se
277 1822 422 1872 opponi
462 1816 558 1873 βίος
600 1826 633 1860 et
678 1818 887 1872 θάνατος,
940 1823 1068 1871 itaque
1115 1822 1324 1860 articulum
1366 1825 1410 1860 ut
1459 1823 1539 1861 voci

52 1887 164 1945 βίος,
204 1894 258 1930 ita
295 1894 378 1931 voci
415 1889 606 1939 θάνατος
637 1905 786 1942 quoque
817 1893 1037 1930 addendum
1068 1892 1213 1941 fuisse,
1246 1896 1290 1930 ut
1320 1893 1535 1942 Xenophon

52 1964 165 2002 Mem.
189 1964 254 2001 IV
270 1965 354 2010 8,]
392 1960 638 2016 τελευτῆσαι
683 1960 768 2001 τὸν
810 1957 905 2014 βίον
948 1967 980 2000 et
1023 1960 1098 2015 τὴν
1141 1959 1407 2014 κατάγνωσιν
1451 1966 1538 2002 τοῦ

53 2030 247 2072 θανάτου
278 2035 379 2071 inter
409 2046 447 2071 se
473 2037 651 2083 opponat.
704 2034 826 2071 Porro
849 2033 1043 2083 offendere
1074 2034 1393 2071 constructionem
1427 2031 1538 2071 κατὰ

53 2100 217 2142 σύνεσιν
247 2104 447 2142 verborum
486 2101 540 2141 τὰ
571 2097 816 2158 Ἀθηναίων
854 2101 1110 2155 δικαοῐήρια
1149 2100 1256 2151 κτλ.,
1293 2103 1537 2142 inconcinni-

53 2178 167 2212 tatem
197 2175 396 2212 verborum
430 2169 523 2228 ἢέκ
545 2177 621 2212 τοῦ
641 2171 766 2226 λόγου
789 2171 895 2222 mk,
929 2174 1155 2212 vocabulum
1188 2167 1403 2222 οἷκτίζειν,
1436 2175 1539 2224 quod

44 2257 119 2294 pro
152 2238 421 2292 οἰκτίζεσθαι
453 2246 532 2283 sive
555 2238 781 2297 οἰκτείρειν
814 2257 1010 2294 nusquam
1041 2246 1263 2283 inveniatur
1284 2244 1536 2296 (quamquam

52 2310 329 2363 συνοικτίζειν
368 2315 456 2364 Cyr.
480 2316 539 2353 IV
565 2317 607 2354 6.
629 2325 649 2358 5
688 2317 735 2353 ab
773 2328 817 2354 eo
855 2314 1115 2366 memoratur).
1183 2316 1331 2353 Deinde
1368 2310 1535 2364 ἐπιχει-

51 2383 255 2439 ρήσαντός
284 2398 367 2436 μοι)
397 2416 403 2423 .
429 2417 436 2424 .
462 2417 468 2423 .
499 2380 763 2424 ἔναντιοῦῑαί
793 2399 867 2436 μοι
901 2386 1014 2423 modo
1045 2398 1212 2434 prorsus
1246 2386 1404 2423 barbaro
1437 2385 1536 2431 diet,-

43 2459 135 2505 post
167 2449 350 2510 ὑφείμην
373 2457 415 2505 (§
441 2458 478 2505 5)
502 2457 677 2494 voculam
709 2452 760 2493 ἂν
785 2456 1035 2494 omittendam
1059 2469 1139 2494 non
1169 2456 1295 2505 fuisse
1301 2470 1318 2504 ;
1349 2456 1393 2493 in
1414 2456 1536 2493 verbis

51 2523 153 2576 ὁρᾶν
183 2538 230 2564 τε
258 2527 396 2577 χεῖρον
427 2522 501 2564 καὶ
534 2521 704 2564 ἀκούειν
736 2519 864 2579 ἧσσον
897 2528 939 2575 (§
965 2528 1000 2574 6)
1035 2526 1136 2563 orzale
1173 2527 1425 2575 conjunctum
1456 2539 1535 2564 esse

48 2596 188 2647 χεῖρον
218 2609 307 2634 cum
338 2589 463 2650 ἧσσον
488 2597 696 2646 particulis
728 2592 775 2634 τὲ
797 2619 850 2624 -—
884 2590 975 2643 καί,
1009 2597 1148 2645 quippo
1179 2608 1275 2645 quae
1305 2609 1366 2634 res
1397 2597 1535 2634 alteras

51 2667 96 2704 ab
128 2667 258 2704 alteris
289 2667 459 2704 diversas
490 2667 721 2716 conjunqere
752 2667 899 2704 soleant
912 2666 939 2715 1)
948 2681 965 2714 ;
990 2670 1187 2715 praeterea
1218 2667 1380 2704 omissis
1410 2667 1534 2704 verbis

170 2815 203 2858 1)
230 2815 282 2850 No
309 2815 397 2850 forte
415 2816 553 2850 dubites
574 2816 616 2850 de
634 2816 701 2850 fide
720 2827 814 2859 inea,
842 2816 950 2859 ipsius
970 2815 1076 2850 verba
1096 2826 1283 2859 apponam:
1312 2814 1534 2857 ‘Quaeritur

52 2873 114 2916 [sic
125 2873 145 2918 1]
173 2873 355 2914 Socrates,
388 2885 472 2908 mox
502 2874 579 2909 sibi
609 2875 803 2909 senectutis
829 2875 1017 2909 molestias
1049 2885 1123 2908 esse
1148 2874 1318 2917 ferendas
1350 2876 1411 2907 καὶ
1443 2872 1534 2919 ὁρᾶν
