1820 3340
1468 237 1521 274 41

42 356 226 394 rabilibus
256 353 473 403 invenitur,
507 353 611 402 quod
643 353 785 400 obstet,
818 352 914 401 quin
945 351 1119 389 Platonis
1151 363 1250 401 opus
1277 351 1525 401 Xenophonti

43 430 177 464 notum
219 425 342 462 fuisse
384 423 670 469 existimemus,
715 422 785 460 sed
822 421 952 471 potius
990 421 1103 459 valde
1145 422 1372 460 admirabile
1410 427 1525 471 esset,

44 497 76 534 si
108 495 326 544 Xenophon
362 505 449 532 eam
487 493 680 541 cognitam
717 504 797 530 non
835 492 1052 540 habuisset3
1090 504 1181 530 nam
1219 492 1314 541 quin
1350 492 1526 530 Platonis

42 566 231 616 Apologia
260 567 350 602 ante
370 563 635 601 Memorabilia
657 562 761 600 edita
783 562 850 610 sit,
883 562 951 599 vix
972 562 1156 612 cuiquam
1177 562 1338 600 dubium
1361 563 1526 612 fuerit.1)

44 638 172 686 Atque
202 647 252 673 ex
282 634 403 672 altera
434 637 544 682 parte
575 645 650 671 non
683 632 812 670 minus
845 636 996 670 certum
1018 632 1174 670 videtur
1195 645 1302 675 eum,
1335 633 1402 682 qui
1423 634 1526 682 Apo-

43 707 186 755 logiam
229 704 553 753 Xenophonteam
596 703 845 752 conscripsit,
894 702 1117 741 Platonicae
1161 703 1340 741 notitiam
1377 703 1528 740 nullam

44 776 238 839 habuisse.
298 775 574 824 Praeterquam
615 773 719 811 enim
757 773 860 822 quod
899 773 1087 810 indicium
1125 773 1279 811 nullum
1318 773 1527 821 invenitur,

44 859 119 896 (1110
151 846 238 895 (11115
269 845 380 882 1115115
412 856 496 882 eam
527 843 705 882 notitiam
738 843 928 892 suspicari
966 844 1107 892 possit,
1147 855 1334 892 magnum
1372 848 1528 881 senten-

44 916 118 955 tiae
149 919 303 954 nostrae
335 915 610 953 documentum
640 914 681 951 id
702 914 858 951 videtur
889 925 993 961 esse,
1027 913 1131 963 quod
1162 917 1296 952 auctor
1317 914 1528 963 Apologiae

44 987 84 1024 in
117 987 216 1034 §23
250 986 418 1024 affirmat
449 985 598 1023 nullam
636 984 791 1023 omnino
829 977 1102 1038 (ἐπιτίμησιν
1139 984 1338 1023 Socratem
1376 984 1528 1032 fecisse,

45 1069 132 1095 cum
164 1057 232 1094 vix
264 1056 432 1094 dubitari
464 1056 604 1105 possit,
637 1056 733 1105 quin
764 1055 798 1092 si
831 1055 1027 1104 cognitam
1065 1055 1265 1093 habuisset
1296 1055 1529 1104 Apologiam

44 1127 302 1176 Platonicam,
334 1127 419 1176 ipse
451 1138 607 1176 (1110(1110
639 1125 836 1164 Socratem
870 1121 1181 1178 (ἐπιτιμήσεως
1211 1125 1296 1164 1000
1326 1125 1368 1162 1(1
1396 1128 1530 1175 postu-

45 1198 192 1236 lantem
222 1197 398 1235 facturus
430 1197 564 1241 fuerit,
597 1208 734 1234 cenare
765 1199 809 1233 ut
840 1196 914 1234 sibi
945 1195 1082 1234 liceret
1112 1196 1152 1233 in
1174 1200 1376 1245 prytaneo.
1429 1195 1530 1233 Nam

47 1280 161 1318 quam
199 1267 355 1316 egregie
393 1267 466 1305 hoc
503 1266 757 1305 conveniebat
795 1278 885 1303 cum
922 1266 1137 1315 Apologiae
1176 1266 1338 1304 consilio
1382 1265 1531 1315 magni-

45 1338 268 1388 loquentiae
300 1337 468 1376 Socratis
500 1337 772 1375 illustrandae!
818 1349 890 1374 nec
926 1337 1008 1374 ulla
1046 1336 1216 1375 inveniri
1253 1339 1386 1386 potest
1422 1336 1530 1384 ratio,

47 1421 123 1459 qua
155 1420 203 1446 ne
225 1409 297 1446 hoc
323 1420 345 1445 a
366 1408 529 1446 Platone
551 1407 759 1456 reciperet,
790 1407 913 1445 arceri
941 1407 1122 1456 potuerit.
1184 1407 1343 1445 Dixeris
1364 1407 1531 1445 fortasse

46 1480 250 1516 inventum
282 1478 381 1515 illud
413 1489 499 1516 esse
536 1490 559 1516 a
594 1477 775 1525 Platone,
820 1480 859 1515 et
895 1477 981 1515 ideo
1012 1477 1224 1526 Apologiae
1255 1480 1453 1515 auctorem
1491 1477 1532 1514 id

46 1549 282 1599 repudiasse.
344 1549 396 1586 At
426 1548 531 1586 unde
562 1548 765 1586 inventum
798 1559 886 1586 esse
917 1548 1016 1585 scire
1049 1548 1082 1585 is
1120 1550 1287 1597 poterat,
1326 1558 1443 1597 quem
1481 1559 1532 1584 ex

46 1620 157 1658 libris
191 1619 440 1669 potissimum
474 1630 746 1670 quaecumque
778 1619 939 1656 haberet
972 1618 1151 1656 hausisse
1194 1617 1302 1669 (quid
1340 1617 1445 1656 enim
1483 1617 1532 1656 de

47 1690 306 1739 Hermogenis
338 1701 503 1739 persona
540 1689 790 1738 cogitandum
828 1689 895 1737 sit,
940 1689 1042 1726 infra
1074 1688 1313 1737 videbimus)
1342 1691 1397 1736 et,
1442 1700 1532 1726 cum

47 1760 126 1798 illis
147 1760 262 1810 ipsis,
285 1760 430 1810 quippe
453 1759 519 1810 qui
540 1760 641 1798 inter
663 1771 705 1798 se
728 1759 910 1798 videlicet
931 1759 1214 1809 discreparent,
1242 1759 1435 1797 confidere
1456 1771 1533 1797 non

48 1835 196 1881 posset,
228 1831 449 1879 conjectura
481 1842 580 1880 quae
611 1831 714 1868 facta
745 1833 878 1868 essent
908 1830 1065 1879 assequi
1097 1833 1279 1868 conatum
1311 1841 1398 1867 esse
1422 1842 1532 1879 para-

48 1902 220 1951 graphus
245 1902 265 1939 1
300 1912 371 1938 nos
403 1901 562 1939 doceat?
625 1900 686 1937 Ad
708 1900 781 1938 hoc
802 1900 907 1937 haud
928 1903 1007 1938 tam
1038 1900 1265 1948 religiosum
1288 1912 1377 1938 eum
1399 1899 1532 1947 fuisse,

49 1976 92 2010 ut
122 1971 221 2009 nihil
258 1971 423 2009 referret
465 1970 543 2008 nisi
586 1982 685 2020 quae
722 1971 825 2008 facta
862 1982 947 2009 esse
985 1970 1148 2018 sciebat,
1192 1982 1284 2008 mox
1328 1969 1533 2008 ostendere

49 2042 282 2081 conabimur.
350 2042 412 2080 An
450 2053 541 2079 vero
577 2040 889 2079 existimabimus
928 2039 1138 2090 superbius
1182 2041 1218 2078 ei
1263 2040 1392 2078 visum
1435 2040 1535 2078 illud

50 2125 153 2161 esse,
198 2125 315 2163 quam
358 2111 463 2162 quod
501 2111 699 2150 Socratem
735 2111 914 2150 deceret?
981 2112 1034 2149 At
1070 2123 1170 2161 quae
1212 2111 1300 2161 ipse
1337 2110 1535 2149 Socratem

51 2183 243 2222 dicentem
287 2183 398 2231 facit,
442 2182 574 2220 minus
618 2182 810 2232 superba?
878 2180 1004 2229 Quare
1047 2181 1140 2220 licet
1182 2181 1334 2220 lubrica
1378 2182 1429 2220 sit
1472 2181 1535 2220 vel

52 2254 221 2291 maxime
252 2253 376 2291 omnis
407 2265 429 2291 e
461 2253 616 2291 silentio
648 2252 950 2302 argumentatio:
983 2252 1048 2291 hic
1079 2252 1132 2301 ei,
1165 2252 1199 2290 si
1220 2264 1396 2302 unquam
1427 2252 1534 2304 alias,

52 2324 193 2363 confidi
225 2335 340 2373 posse
372 2322 613 2361 crediderim.

169 2405 316 2444 Verum
349 2409 479 2444 tamen
509 2418 588 2444 non
620 2406 802 2457 deerunt,
842 2405 908 2455 qui
941 2405 1056 2444 istam
1088 2405 1422 2443 ratiocinationem
1458 2417 1535 2443 non

53 2477 157 2515 omni
200 2476 441 2515 dubitatione
485 2488 623 2514 vacare
665 2479 804 2526 putent
841 2480 882 2514 et
918 2476 1028 2514 casui
1072 2488 1134 2524 ea,
1178 2488 1277 2526 quae
1320 2476 1536 2525 attulimus,

54 2546 233 2597 quamvis
278 2546 374 2585 miro
417 2547 617 2596 assignare
662 2559 779 2597 quam
823 2546 1038 2596 Apologiae
1081 2558 1223 2585 nomen
1261 2546 1537 2596 Xenophontei

54 2617 183 2667 operis
215 2617 428 2655 concedere
459 2617 606 2656 malint.
668 2617 913 2667 Linquamus
945 2617 1067 2666 igitur
1097 2618 1198 2655 hanc
1225 2617 1346 2665 viam,
1379 2629 1456 2667 qua
1487 2629 1538 2655 ne

55 2699 215 2737 egemus
247 2687 405 2737 quidem
436 2691 480 2726 ut
511 2700 574 2736 eo,
612 2700 688 2738 quo
720 2688 920 2736 volumus,
958 2687 1243 2737 perveniamus.
1307 2687 1397 2726 Sive
1433 2687 1537 2725 enim

175 2838 209 2882 1)
242 2836 407 2874 Ceterum
440 2836 618 2872 Gilbertus
657 2838 706 2878 (in
738 2837 897 2872 editionis
935 2836 1040 2871 Mem.
1073 2836 1181 2880 praef.
1214 2836 1290 2870 crit.
1323 2847 1356 2881 p.
1377 2835 1473 2871 XIII
1504 2837 1539 2871 et

56 2897 170 2942 LVII)
197 2897 302 2932 etiam
327 2896 404 2931 aliis
429 2896 514 2931 locis
540 2896 688 2941 vestigia
713 2895 902 2941 Apologiae
928 2895 1199 2940 deprehendisse
1224 2895 1290 2929 sibi
1315 2895 1465 2930 videtur.
