1820 3340
262 262 344 299 108

256 378 340 416 ullo
390 379 503 417 modo
547 379 774 417 deformato.
821 402 874 406 —
919 380 1045 427 Atque
1088 382 1301 426 auctorem,
1352 379 1491 417 scilicet
1533 392 1623 418 cum
1666 380 1747 429 ipse

258 461 356 498 quae
380 453 517 498 postea
547 450 651 498 facta
681 452 804 486 essent
835 449 1005 495 sciverit,
1040 449 1324 499 praedicentem
1361 450 1430 488 illa
1460 450 1558 488 satis
1588 449 1747 488 ridicule

261 519 457 557 Socratem
493 520 634 569 facere,
681 532 778 568 quae
820 523 933 557 antea
975 520 1071 558 scire
1113 520 1326 569 nequiverit
1364 518 1566 573 [nequibat
1603 517 1746 574 ver0?],

257 591 387 639 itaque
425 603 521 639 quae
557 590 795 639 mavis-sima
838 590 988 639 fuerint
1031 592 1287 640 animumque
1334 591 1504 629 Socratis
1540 592 1746 641 praecipue

257 661 445 698 cremerint
479 661 607 710 (Mem.
630 662 689 710 ἕξ
713 663 746 698 9.
770 662 832 709 10)
866 661 1077 710 neyleqere:
1112 661 1230 699 immo
1261 662 1438 710 neglexit
1470 662 1601 711 potius
1632 662 1745 712 Apol.

256 732 521 780 paragraphos
545 732 599 769 24
612 754 663 759 -—
676 733 728 770 26
764 731 1005 781 Caspersius.

380 804 413 840 7.
445 796 518 840 Ἐκ
550 799 715 848 παντὸς
746 798 912 854 τρόπου
943 799 997 840 τὰ
1030 798 1335 855 ἀποφευκτικά
1365 798 1504 856 ζητεῖν
1534 815 1624 841 cum
1654 803 1745 841 alie—

256 872 476 910 nissimum
507 885 532 910 a
567 872 738 910 Socratis
768 873 955 922 yravitate
985 873 1123 922 fuerit,
1163 877 1232 910 aut
1263 870 1361 922 ὑμῖν
1392 886 1472 911 esse
1502 874 1743 912 scribendum

257 947 326 980 aut
359 944 495 980 ‘etiam
526 943 594 981 hoc
626 944 703 981 loco
733 944 1038 992 yrammaticum
1075 956 1209 981 rerum
1246 944 1353 982 liaud
1388 945 1445 982 ita
1475 944 1650 993 peritum
1686 945 1746 982 de-

250 1014 466 1063 prehencli’.
520 1013 601 1052 Nos
633 1014 934 1063 Xenophontem
967 1014 1031 1052 hic
1063 1014 1358 1064 deprehendere
1385 1015 1497 1052 nobis
1517 1014 1747 1052 videbamur

256 1097 293 1134 p.
326 1085 390 1122 19.
437 1108 490 1112 —
540 1085 737 1123 Socratem
768 1085 903 1123 deinde
940 1085 1186 1134 septuayinta
1223 1098 1423 1123 annorum
1459 1098 1588 1123 senem
1625 1098 1746 1135 neque

254 1154 303 1193 de
333 1159 519 1193 senectute
557 1156 631 1193 isto
670 1156 784 1194 modo
823 1156 945 1205 loqui,
994 1168 1115 1205 neque
1157 1156 1276 1193 dicere
1312 1155 1491 1205 potuisse
1534 1156 1648 1194 malle
1690 1169 1743 1203 se,

256 1238 375 1275 quam
407 1227 611 1264 senectutis
641 1226 890 1264 incommoda
921 1227 1039 1275 ferre,
1079 1239 1185 1264 nunc
1215 1227 1335 1273 mori,
1376 1239 1453 1275 qua
1489 1239 1530 1264 re
1566 1227 1742 1264 nondum

256 1309 294 1333 se
326 1309 455 1334 senem
488 1309 568 1335 esse
599 1297 813 1334 declararet.
877 1297 925 1334 In
958 1309 1035 1346 quo
1067 1297 1261 1335 notionem
1296 1296 1511 1335 senectutis
1542 1297 1591 1334 ad
1622 1309 1744 1336 annos

256 1370 500 1415 spectantem
534 1380 623 1406 cum
655 1380 716 1415 ea,
750 1380 849 1417 quae
882 1367 929 1405 ad
962 1367 1066 1405 vires
1098 1370 1136 1405 et
1167 1367 1435 1405 valetudinem
1467 1370 1634 1417 spectat,
1672 1368 1744 1406 cri—

254 1438 376 1475 ticum
411 1442 651 1476 commutare
684 1439 723 1476 in
755 1442 940 1488 promptu
972 1441 1044 1476 est.

376 1511 412 1547 8.
447 1509 732 1559 Comparantur
752 1510 864 1559 Apol.
890 1510 913 1547 9
948 1512 987 1547 et
1009 1509 1124 1547 Mem.
1148 1508 1198 1560 ἐξ
1223 1510 1260 1547 9.
1286 1509 1357 1547 10:
1390 1521 1498 1547 verae
1519 1509 1581 1547 liic
1599 1509 1744 1558 yloriae

253 1580 450 1625 studium,
494 1580 692 1629 qloriandi
734 1580 839 1629 opud
872 1580 1026 1629 judices
1069 1579 1290 1628 cupidinem
1336 1579 1416 1617 illic
1457 1580 1583 1617 cerni:
1629 1583 1743 1629 ‘quae

254 1650 447 1688 sentiendi
477 1653 596 1697 ratio,
629 1650 776 1700 inquit,
815 1650 1026 1688 bellatorem
1062 1650 1219 1699 quidem
1250 1650 1366 1697 decet,
1398 1650 1680 1699 philosophum
1710 1655 1743 1688 et

257 1720 453 1759 Socratem
496 1722 660 1759 omnino
705 1721 884 1759 dedecet':
931 1721 1093 1758 decebat
1136 1733 1228 1769 ergo
1266 1721 1584 1770 Xenophontem3
1629 1721 1743 1771 isque

254 1791 450 1830 Socratem
483 1793 621 1829 eodem
653 1792 767 1830 modo
800 1791 893 1829 fecit
924 1792 1131 1829 dicentem.

375 1864 410 1900 9.
455 1864 663 1900 Auctorem
706 1862 823 1900 etiam
858 1862 1062 1911 prioribus
1099 1861 1158 1908 id,
1204 1862 1305 1911 quod
1346 1862 1422 1899 sibi
1461 1862 1740 1911 proposuisset,

252 1933 353 1970 male
384 1937 602 1972 exsecutum
617 1933 646 1982 1)
683 1933 848 1971 omnino
879 1945 965 1970 vero
997 1945 1021 1970 a
1051 1933 1214 1970 consilio
1247 1945 1320 1970 suo
1351 1933 1525 1970 aberrare
1561 1933 1607 1971 in
1630 1936 1741 1982 parte

253 2004 464 2053 Apoloyiae
495 2004 672 2041 maoeima
704 2005 763 2053 ἐξ
786 2005 964 2050 10-27)
1002 2006 1130 2052 utpote
1162 2016 1259 2053 quae
1289 2003 1335 2041 in
1365 2003 1453 2053 ipsa
1483 2003 1552 2041 illa
1586 2004 1741 2052 maqni-

253 2074 450 2123 loquentia
481 2075 717 2112 illustranda
747 2077 958 2120 versentur,
999 2086 1117 2123 quam
1150 2074 1410 2112 illustratione
1431 2075 1524 2123 jam
1560 2086 1643 2111 non
1678 2074 1740 2112 in-

253 2145 379 2194 dicere
409 2149 522 2183 antea
552 2145 710 2192 dixerit,
751 2145 794 2182 de
830 2145 970 2182 mortis
1007 2148 1139 2182 aittem
1177 2144 1366 2182 desiderio
1404 2144 1507 2194 quod
1545 2144 1738 2183 Socratem

254 2216 417 2253 tenuerit
448 2216 611 2254 omnino
643 2216 784 2253 sileant
815 2214 878 2266 (de
911 2227 987 2264 cpia
1018 2227 1060 2253 re
1091 2215 1186 2265 quid
1223 2227 1294 2252 nos
1332 2215 1564 2266 sentiamus,
1601 2218 1697 2265 part.
1721 2215 1740 2253 I

253 2284 277 2337 ξ
302 2287 325 2324 8
358 2286 562 2333 invenies).
625 2287 675 2324 At
707 2286 812 2323 enim
844 2298 933 2323 cum
972 2298 1016 2323 ex
1046 2285 1364 2323 Memorabilibus
1387 2285 1569 2335 plurima
1599 2286 1739 2324 descri-

252 2356 366 2403 beret,
400 2357 490 2394 liaec
521 2369 609 2394 eum
641 2357 815 2394 noluisse
838 2360 965 2394 tacere.
1017 2356 1332 2394 Memorabilium
1354 2357 1462 2394 enim
1484 2357 1596 2394 verba
1626 2357 1653 2394 I
1666 2358 1739 2403 1,2

252 2427 371 2464 etiam
402 2428 447 2464 in
479 2427 670 2476 Apologia
702 2427 794 2476 leyi,
828 2427 895 2464 sed
926 2427 1000 2475 leyi
1029 2427 1253 2476 depravata)
1286 2439 1376 2464 cum
1397 2427 1637 2476 amplificata
1657 2427 1738 2465 sint

253 2498 393 2546 quibus
424 2497 667 2546 sacrificium
697 2498 903 2546 publicum
940 2497 1198 2546 siqnificetur,
1237 2497 1356 2546 plane
1392 2498 1587 2535 omissum
1617 2497 1737 2535 sacri-

371 2612 405 2654 l)
433 2611 494 2645 ‘In
514 2611 711 2656 prioribus
736 2612 898 2656 scriptor
923 2611 1124 2656 Apoloyiae
1150 2611 1321 2655 quami-is
1339 2623 1488 2656 operam
1505 2623 1542 2646 se
1559 2612 1737 2646 daturum

251 2682 326 2705 esse
349 2670 539 2714 professus
565 2671 632 2712 sit,
659 2671 819 2704 minime
845 2674 967 2705 tamen
993 2671 1034 2704 id
1048 2674 1238 2704 assecutus
1259 2674 1326 2713 est,
1353 2674 1393 2704 ut
1412 2682 1491 2704 vere
1505 2670 1602 2704 illud
1618 2673 1736 2704 osten-

249 2729 362 2771 deret,
392 2729 576 2763 Socratem
603 2729 683 2763 iam
710 2733 788 2763 turn
812 2729 913 2763 mori
927 2729 1102 2771 voluisse,
1130 2741 1198 2773 quo
1216 2729 1405 2764 molestias
1423 2729 1619 2763 senectutis
1644 2729 1735 2773 effu-

246 2791 354 2832 9eret.
404 2788 519 2822 Multo
552 2800 632 2822 vero
663 2788 785 2831 massis
823 2789 887 2822 lioc
925 2788 1125 2822 consilium
1158 2788 1200 2821 in
1231 2788 1282 2822 iis
1314 2799 1407 2832 quac
1437 2791 1642 2831 sequuntur
1673 2798 1734 2821 ne-

246 2847 422 2890 ylectum’
451 2851 512 2881 etc.
562 2847 652 2881 Ecce
686 2847 929 2881 calumniatori
973 2847 1180 2880 Rationibus
1219 2846 1352 2881 scilicet
1389 2847 1595 2881 confirmare
1632 2846 1735 2880 istam

249 2904 547 2940 insimulationem
574 2906 728 2949 prudens
755 2906 973 2950 supersedet.
1013 2905 1080 2939 Sed
1107 2905 1207 2939 cuius
1232 2908 1336 2939 notae
1362 2905 1408 2939 sit
1433 2905 1520 2939 haec
1546 2904 1734 2948 disputatio

249 2963 378 3007 onmis,
405 2964 489 2998 talia
514 2964 765 2999 dilucidissime
792 2965 989 2999 ostendunt.
