1820 3340
250 253 303 291 68

247 371 348 407 hanc
379 369 593 407 orationem
624 369 877 417 excogitavit,
910 369 1027 417 longe
1058 381 1080 406 a
1112 381 1202 407 vera
1233 369 1342 407 illius
1364 370 1444 408 litis
1466 370 1738 419 intellegentia

248 442 379 478 aberat
410 452 537 489 neque
568 439 650 476 ullo
682 439 796 477 modo
828 439 957 476 animo
989 439 1169 488 concepit
1207 452 1251 477 eo
1284 452 1392 489 spem
1432 453 1586 478 omnem
1625 452 1737 479 accu-

249 514 420 549 satorum
452 513 490 547 et
521 510 692 548 laborem
725 509 959 557 tetendisse,
998 512 1042 547 ut
1080 509 1278 548 Socratem
1315 511 1538 548 habendum
1576 522 1661 549 esse
1698 514 1737 549 et

247 581 493 619 tractandum
522 580 722 629 judicibus
753 580 1034 628 persuaderent
1071 591 1142 629 pro
1174 592 1252 618 uno
1284 592 1333 618 ex
1366 581 1632 632 sophistarum
1669 581 1738 618 illa

248 654 381 700 gente,
426 651 576 700 priscae
609 650 765 688 virtutis
810 653 848 688 et
886 651 1091 699 probitatis
1131 654 1242 700 peste
1279 652 1439 701 faceque
1477 651 1605 689 omnis
1637 663 1737 701 quae

249 722 398 758 dudum
432 721 643 759 invasisset
680 721 719 758 in
752 721 1033 770 rempublicam
1072 721 1263 770 procellae
1301 726 1418 771 atque
1457 722 1591 760 cladis.
1655 721 1739 769 Qua

249 792 299 830 de
329 804 370 830 re
402 804 491 829 cum
525 804 643 841 supra,
674 793 722 842 (p.
747 792 801 829 43
818 790 863 841 s.)
894 792 974 840 jam
1006 791 1240 841 dixerimus,
1272 792 1337 830 hic
1374 793 1468 830 satis
1506 792 1578 830 erit
1616 804 1739 842 pauca

250 863 462 901 monuisse.

367 934 507 983 Itaque
551 936 757 982 postquam
801 936 882 971 tota
919 933 1091 971 oratione
1129 933 1204 970 ista
1242 945 1317 970 non
1355 945 1470 982 posse
1509 945 1593 971 eam
1627 933 1739 970 reddi

250 1004 438 1049 vidimus,
472 1016 586 1053 quam
619 1015 712 1041 vere
745 1003 923 1042 Socrates
956 1003 1153 1051 habuerit,
1185 1004 1234 1040 ad
1257 1004 1414 1052 singula
1431 1004 1512 1052 jam
1534 1003 1738 1042 veniamus

250 1079 289 1113 et
332 1074 617 1124 discrepantiae
655 1074 780 1120 illius,
826 1087 925 1124 quae
970 1075 1074 1112 inter
1111 1074 1313 1112 Platonem
1357 1073 1739 1124 Xenophontemque

251 1149 330 1193 est,
369 1145 562 1194 exemplis
600 1157 670 1194 per
708 1157 750 1183 se
790 1157 943 1194 quoque
982 1145 1171 1194 inspectis
1215 1145 1292 1182 utri
1331 1157 1462 1182 eorum
1506 1156 1740 1194 unoquoque

250 1216 335 1254 loco
368 1215 491 1264 magis
531 1216 582 1253 sit
613 1215 907 1263 confidendum,
948 1215 1229 1253 examinemus.
1301 1215 1398 1253 Cum
1436 1218 1566 1253 autem
1605 1226 1739 1252 omnes

251 1288 333 1324 fere
376 1286 641 1335 praejudicata
684 1286 791 1323 ducti
830 1286 1012 1336 opinione
1050 1286 1349 1335 Xenophontem
1389 1286 1584 1324 soleamus
1628 1285 1740 1335 quasi

250 1370 319 1407 pro
357 1358 525 1407 quodam
564 1356 778 1406 Synoptico
817 1357 959 1394 habere
1003 1368 1064 1394 res
1103 1360 1233 1405 gestas
1272 1356 1505 1406 simpliciter
1549 1359 1740 1403 narrante,

251 1428 453 1465 Platonem
486 1427 596 1477 quasi
628 1427 845 1465 Johannem
884 1427 1086 1476 ingeniose
1126 1427 1364 1464 fabulantem
1402 1438 1625 1474 numerare,
1664 1427 1740 1464 iam

251 1499 428 1548 deposita
462 1499 614 1536 tandem
647 1499 720 1536 hac
741 1498 922 1548 opinione
947 1498 1144 1548 missaque
1167 1499 1365 1547 paulisper
1386 1497 1491 1535 omni
1513 1497 1561 1536 de
1584 1501 1741 1536 auctore

254 1569 500 1619 quaestione,
533 1581 649 1618 quam
682 1581 749 1617 per
781 1581 822 1607 se
854 1569 939 1618 ipsa
970 1572 1136 1619 utraque
1167 1569 1309 1606 mereri
1340 1568 1519 1606 videatur
1549 1568 1742 1618 Apologia

252 1640 388 1688 fidem,
421 1644 655 1689 spectemus.

371 1712 500 1760 Atque
532 1710 581 1748 de
613 1710 815 1748 daemonio
854 1710 1011 1759 quidem
1044 1713 1133 1748 uter
1164 1710 1315 1747 veriora
1348 1709 1584 1759 Socrateque
1616 1709 1741 1759 magis

252 1782 371 1830 digna
400 1782 560 1828 referat,
593 1793 641 1819 ne
673 1792 771 1830 opus
805 1780 963 1830 quidem
996 1783 1055 1818 est
1088 1792 1290 1830 quaerere,
1322 1780 1552 1830 praesertim
1585 1792 1674 1818 cum
1699 1780 1741 1817 in

252 1851 571 1890 Memor-abilibus
603 1851 637 1902 (I
662 1852 696 1897 1,
719 1850 803 1900 34)
835 1851 1055 1900 Xenophon
1087 1863 1108 1888 a
1140 1863 1182 1888 se
1214 1851 1299 1900 ipse
1331 1851 1499 1900 quodam
1530 1853 1642 1900 pacto
1675 1850 1741 1888 de-

253 1923 410 1971 sciscat,
444 1934 534 1959 nam
567 1934 657 1959 cum
689 1921 730 1958 in
753 1921 944 1970 Apologia
975 1921 1088 1971 quasi
1110 1921 1304 1971 quoddam
1326 1921 1527 1960 oraculum
1548 1921 1740 1970 privatum

252 1993 352 2030 illud
385 1992 544 2042 quidem
577 1992 646 2030 sed
678 1992 754 2030 alia
785 2004 827 2030 re
859 1992 968 2029 nulla
999 2004 1021 2030 a
1053 1992 1192 2030 ceteris
1221 1992 1420 2030 diversum
1443 1992 1622 2030 videatur
1643 2003 1741 2039 esse,

253 2064 337 2101 illic
358 2076 441 2101 rem
465 2063 587 2101 multo
610 2063 763 2101 cautius
785 2063 933 2112 itaque,
966 2065 1010 2100 ut
1041 2075 1129 2100 cum
1152 2063 1316 2101 Platone
1348 2062 1512 2100 vixdum
1543 2062 1742 2109 dissideat,

252 2134 408 2172 tractari
441 2145 560 2183 supra
593 2135 642 2184 (p.
665 2132 736 2181 47)
769 2133 949 2171 vidimus.

373 2203 583 2242 Oraculum
615 2204 755 2242 deinde
787 2203 997 2252 Pythicum
1032 2207 1118 2241 uter
1148 2204 1293 2242 rectius
1324 2203 1480 2251 reddat,
1519 2203 1587 2241 vix
1618 2203 1742 2254 magis

253 2287 393 2324 operae
424 2275 594 2324 pretium
627 2278 734 2313 esset
764 2274 983 2312 accuratius
1015 2274 1223 2322 disserere,
1255 2274 1333 2311 nisi
1363 2274 1427 2312 hic
1449 2286 1605 2324 quoque
1637 2275 1742 2312 vide-

253 2349 390 2383 rentur
428 2357 532 2391 esse,
577 2345 645 2395 qui
683 2357 728 2382 eo
774 2344 1027 2392 inclinarent,
1072 2348 1116 2382 ut
1153 2345 1477 2394 Xenophonteam
1514 2344 1741 2383 relationem

253 2417 504 2466 praeferrent.
567 2416 689 2465 Atqui
721 2415 789 2453 illo
822 2418 1012 2463 tempore,
1045 2427 1121 2465 quo
1153 2414 1281 2453 omnia
1302 2416 1534 2453 resonabant
1556 2415 1742 2465 sophistis

255 2486 305 2523 de
349 2480 485 2539 σοφίᾳ
530 2498 599 2524 sua
645 2486 906 2535 gloriantibus
949 2497 1115 2535 eamque
1168 2485 1257 2523 aliis
1299 2485 1609 2535 venditantibus,
1654 2486 1742 2536 quis

255 2569 390 2594 eorum
423 2553 676 2608 σοφώτατος
697 2560 818 2604 esset,
852 2555 1190 2605 Chaerephontem
1211 2568 1262 2593 ex
1283 2555 1465 2604 Apolline
1487 2556 1740 2605 quaesivisse,

255 2627 427 2665 maxime
465 2630 770 2664 consentaneum
801 2630 878 2675 est3
924 2629 1058 2664 contra
1100 2626 1148 2664 de
1187 2621 1523 2680 ἐλευθεριότητι,
1572 2625 1740 2665 δικαιο-

255 2694 375 2751 σύνῃ,
421 2694 673 2750 σωφροσύνῃ
711 2697 829 2735 deum
867 2697 1069 2735 consulere
1114 2696 1300 2746 quidnam
1343 2696 1528 2735 intererat
1572 2697 1741 2736 Chaere-

254 2768 439 2817 phontis?

374 2832 667 2892 Ἀντιτίμησιν
688 2838 857 2888 denique
874 2838 1073 2876 Socratem
1089 2838 1245 2876 omnino
1261 2838 1504 2876 recusavisse
1521 2837 1741 2887 Xenophon

256 2908 409 2957 statuit,
447 2908 559 2946 Plato
590 2908 736 2958 triplici
775 2908 842 2946 illa
874 2908 1023 2946 ratione
1054 2910 1196 2946 fecisse
1228 2911 1363 2946 auctor
1394 2912 1464 2946 est.
1527 2907 1740 2946 Schanzius
