1820 3340
224 279 275 317 78

218 395 305 433 ideo
335 405 405 444 pro
444 395 549 431 certo
586 391 806 439 habuerim,
852 390 1036 440 quoniam
1075 389 1208 438 legere
1248 401 1294 428 ea
1330 402 1444 428 nemo
1488 391 1709 439 cogebatur,

220 477 341 515 quare
373 465 564 514 quotquot
597 462 755 511 scriptis
787 461 972 500 Socratici
1005 459 1194 498 rationem
1226 459 1329 498 vitae
1359 461 1407 498 ab
1440 460 1498 498 eis
1530 472 1709 510 reposce-

219 539 321 583 rent,
368 527 692 587 ἀπηλλαγμένοι
736 532 907 569 fuissent
944 530 1207 568 Athenienses
1254 533 1330 569 τοῦ
1373 527 1539 569 διδόναι
1583 527 1712 582 λόγον

218 607 449 656 priusquam
483 599 822 656 ἄπαλλαχθῆναι
855 601 982 639 conati
1015 601 1091 651 ipsi
1123 604 1272 650 essent3
1305 601 1467 639 minime
1498 612 1588 639 vero
1620 601 1709 639 Pla-

219 677 321 715 tonis
354 676 499 726 scripta
532 674 745 723 significari
776 673 844 711 illa
876 672 1151 710 vaticinatione
1183 684 1298 721 posse
1335 672 1484 722 liquido
1522 671 1707 710 dixerim:

219 759 344 797 poena
375 749 455 784 tam
487 745 598 795 gravi
629 744 892 782 Athenienses
924 744 1086 781 affectos
1117 754 1205 781 esse
1237 754 1366 780 nonne
1398 742 1609 780 ridiculum
1647 744 1710 780 est

219 818 346 856 dicere
378 817 534 867 scriptis
566 816 641 868 eis,
673 816 713 852 in
745 815 888 865 quibus
926 813 1022 851 ratio
1062 825 1195 851 eorum
1232 812 1301 850 vix
1337 811 1568 863 habeturPI)
1630 811 1709 851 Sed.

219 888 478 927 concedamus
516 887 636 936 hujus
668 885 743 924 loci
774 883 1076 923 Wilamowitzio
1113 883 1491 933 interpretationem:
1530 883 1710 922 Menonis

218 965 346 997 tamen
379 959 448 996 illa
479 959 596 996 verba
628 956 791 995 eandem
823 955 1012 993 rationem
1043 954 1152 992 nullo
1184 957 1296 1004 pacto
1317 954 1492 1003 recipere
1513 953 1628 992 facile
1649 956 1710 992 est

219 1030 436 1068 intellectu.
498 1027 660 1066 Lubrici
693 1026 880 1077 quiddam
912 1026 1053 1064 habere
1085 1025 1230 1062 summi
1252 1024 1325 1062 viri
1346 1024 1709 1073 interpretationem

219 1101 282 1139 vel
314 1101 405 1139 inde
435 1102 612 1150 apparet,
646 1098 750 1148 quod
781 1100 978 1136 auctorem
1010 1096 1141 1146 ipsum
1164 1095 1339 1144 corrigit,
1373 1106 1472 1145 quae
1492 1094 1588 1133 ratio
1610 1094 1711 1133 illud

221 1171 376 1210 Goethii
408 1171 610 1209 admonet:

580 1247 810 1292 lnterpretari
836 1247 864 1281 si
891 1247 1039 1280 arduum
1067 1247 1136 1289 est,
1163 1244 1345 1290 interpola.

221 1324 299 1363 Sed
332 1336 430 1374 quac
464 1326 556 1362 sunt
586 1323 655 1360 illa
688 1322 849 1372 scripta,
882 1321 1025 1371 quibus
1057 1320 1168 1357 Plato
1191 1320 1368 1367 Anytum
1400 1321 1543 1365 κακῶς
1573 1312 1711 1370 Myer?

219 1398 280 1434 An
308 1395 449 1433 Menon
479 1394 588 1444 ipse?
638 1393 690 1431 Et
722 1393 773 1441 si,
795 1404 885 1431 cum
905 1391 973 1429 illa
997 1391 1112 1429 verba
1134 1390 1336 1437 scriberet,
1367 1390 1454 1428 aliis
1477 1389 1710 1439 quibusdam

220 1466 377 1516 scriptis
409 1467 585 1514 Anytum
617 1464 759 1502 adoriri
792 1464 833 1500 in
864 1462 992 1500 animo
1024 1462 1220 1509 habuerit,
1259 1473 1359 1510 quae
1390 1460 1595 1510 postmodo
1633 1471 1710 1498 non

220 1537 439 1587 scripserit:
472 1548 600 1574 nonne
631 1535 842 1573 ridiculum
864 1537 964 1581 erat,
996 1545 1046 1571 ne
1069 1533 1246 1581 graviore
1274 1532 1392 1570 verbo
1413 1535 1515 1580 utar,
1549 1531 1711 1570 credere

220 1608 319 1656 fore,
364 1610 408 1645 ut
445 1607 526 1645 illis
560 1606 716 1656 scriptis
754 1605 878 1642 multo
923 1604 1040 1642 etiam
1084 1603 1209 1652 magis
1253 1603 1411 1651 Anytus
1454 1605 1710 1652 pungeretur,

219 1680 339 1717 immo
370 1679 465 1716 adeo
496 1680 757 1727 pungeretur,
789 1679 834 1714 ut
866 1675 1015 1714 Socrati
1049 1685 1279 1712 succensere
1301 1673 1519 1711 desineret?
1569 1672 1710 1710 Nonne

219 1754 304 1788 tum
326 1750 475 1798 ipsum,
509 1749 542 1786 si
564 1748 783 1797 discipulus
815 1759 906 1784 eum
937 1745 1256 1794 aggrediebatur,
1288 1744 1475 1793 magistro
1507 1756 1551 1782 eo
1583 1743 1709 1792 magis

221 1832 482 1859 succensurus
509 1821 614 1857 erat?
675 1819 812 1856 Porro:
848 1813 986 1867 ,,Άλλ’
1011 1808 1132 1862 οῧιος
1163 1811 1251 1865 μέν,
1284 1815 1472 1864 legimus,
1505 1810 1578 1852 ἐάν
1599 1825 1711 1852 ποτε

220 1895 321 1946 γνῷ,
368 1881 459 1929 οἷόν
497 1885 589 1928 ἐστι
620 1886 669 1927 τὸ
701 1891 844 1935 κακῶς
875 1883 1023 1940 λέγειν,
1063 1883 1279 1925 παύσεται
1308 1879 1593 1935 χαλεπαίνων,
1639 1887 1710 1923 νῢν

221 1958 267 2000 δὲ
299 1958 491 2014 ἂγιόεῖ“;
530 1972 623 2009 ergo
654 1972 771 2010 quam
803 1960 961 2008 Anytus
998 1961 1202 2008 putaverat
1239 1950 1510 2011 κακηγοριάν,
1550 1968 1596 1994 ea
1632 1967 1710 1994 non

220 2036 318 2083 erat,
352 2045 460 2082 ergo,
493 2032 527 2069 si
550 2031 728 2070 Socrates
750 2032 927 2079 Anytmn
958 2041 1036 2067 non
1058 2031 1200 2075 κακῶς
1222 2022 1354 2080 ἔλεγε,
1386 2039 1436 2065 ne
1466 2027 1507 2064 id
1535 2026 1710 2076 quidem,

220 2104 325 2154 quod
356 2103 466 2141 Plato
499 2103 676 2140 facturus
698 2104 796 2149 erat,
829 2103 973 2147 κακῶς
993 2095 1130 2152 λέγειν
1151 2101 1303 2149 poterat
1330 2097 1530 2148 appellari.
1581 2097 1709 2135 Immo

219 2186 357 2213 verum
399 2176 543 2220 κακῶς
579 2168 715 2224 λέγειν
758 2173 830 2210 hac
873 2171 1022 2209 ratione
1066 2169 1325 2219 compositum
1368 2181 1459 2207 cum
1501 2180 1562 2218 eo,
1606 2167 1708 2218 quod

220 2247 376 2294 Anytus
408 2242 661 2298 κακηγορεῖν
693 2255 780 2281 esse
810 2243 909 2280 falso
942 2244 1069 2291 putat,
1102 2241 1201 2278 nihil
1231 2240 1338 2278 aliud
1359 2241 1493 2289 potest
1514 2250 1601 2277 esse
1633 2237 1710 2276 nisi

222 2316 324 2366 quod
357 2327 528 2365 semper:
574 2314 809 2352 maledicere
847 2325 966 2351 sensu
1005 2312 1160 2350 usitato.
1205 2334 1260 2339 —
1304 2310 1390 2348 Hoc
1420 2310 1559 2358 igitur,
1604 2307 1710 2359 quod

341 2478 375 2521 1)
402 2477 484 2511 Non
516 2477 675 2510 ὑπόνοια
708 2476 877 2520 quaedam
910 2474 996 2508 mihi
1028 2474 1063 2507 in
1094 2473 1164 2507 illis
1195 2472 1313 2507 verbis
1345 2472 1485 2506 videtur
1516 2481 1610 2514 esse,
1648 2470 1710 2504 sed

222 2536 478 2580 simplicissime
516 2536 564 2570 ita
600 2538 641 2569 ut
671 2535 838 2579 leguntur
869 2533 1072 2577 accipienda
1110 2543 1151 2566 ea
1183 2542 1260 2566 esse
1291 2530 1502 2576 putaverim.
1553 2529 1709 2564 Eandem

220 2595 547 2639 interpretationem
579 2594 766 2638 amplexus
799 2593 938 2627 Grotius
970 2591 1255 2626 vaticinationem
1293 2589 1390 2624 illam
1428 2599 1498 2622 non
1536 2587 1709 2630 evenisse,

221 2655 339 2698 itaque
366 2665 385 2689 a
411 2653 551 2688 Socrate
577 2653 670 2697 ipso,
703 2663 772 2687 non
804 2663 824 2687 a
848 2652 996 2686 Platone
1028 2650 1223 2694 profectam
1252 2648 1451 2683 habendam
1482 2657 1558 2681 esse
1590 2646 1710 2680 censet

223 2713 328 2756 (Hist.
356 2713 393 2747 of
416 2713 549 2747 Greece
562 2712 684 2755 VIII),
711 2710 988 2756 probabilissime
1014 2711 1054 2743 ut
1078 2709 1234 2751 videtum
1260 2718 1341 2742 nam
1361 2708 1460 2752 φημὶ
1484 2706 1570 2750 γάρ,
1596 2704 1711 2749 inquit

223 2772 399 2813 Socrates,
428 2771 454 2804 ὦ
481 2771 623 2817 ἄνδρες,
652 2771 688 2803 οἳ
713 2770 777 2817 ἐμὲ
805 2769 1042 2809 ἀπεκτόνατε,
1070 2769 1252 2814 τιμωρίαν
1271 2767 1359 2812 ὑμῖν
1377 2765 1472 2808 ἥξειν
1491 2764 1600 2802 εὐθὺς
1615 2762 1708 2809 μετὰ

223 2832 284 2864 τὸν
309 2831 401 2876 ἐμὸν
425 2831 591 2863 θάνατον
616 2829 713 2863 πολὺ
732 2830 992 2874 χαλεπωτέραν
1017 2827 1059 2869 νὴ
1086 2829 1175 2866 Δία,
1209 2827 1228 2867 ἢ
1258 2825 1339 2858 οἵαν
1371 2823 1435 2870 ἐμὲ
1469 2822 1707 2856 ἀπεκτόνατεε

222 2891 284 2924 sed
310 2890 394 2934 quid
422 2888 582 2924 fecerunt
607 2888 775 2923 Socratici
802 2887 910 2925 εὐθὺς
935 2885 1028 2932 μετὰ
1054 2885 1117 2919 τὸν
1142 2885 1308 2917 θάνατον
1332 2882 1517 2927 magistn'?
1558 2879 1708 2915 Athenis

221 2948 443 2993 aufugerunt.
