1820 3340
258 251 339 289 104

252 380 410 406 monere
443 367 640 417 proponit,
679 380 757 406 non
789 368 1017 417 Apologiam
1049 369 1097 406 ad
1130 381 1265 407 omnes
1304 370 1479 409 homines
1518 375 1557 410 et
1594 366 1655 419 εἷς
1692 370 1742 411 τὸ

252 441 323 476 νῦν
361 434 435 476 καὶ
474 432 535 484 εἷς
572 434 620 476 τὸ
659 431 833 486 ἔπειτα,
878 442 922 476 ut
965 442 1027 477 est
1070 439 1109 476 in
1148 439 1270 489 Epist.
1301 440 1403 480 Socr.
1427 442 1513 485 XV,
1559 443 1739 482 scribere.

251 509 374 558 Atqui
405 509 444 546 id
477 509 777 547 fundamentum
810 512 871 547 est
902 512 1055 547 tantum
1094 522 1170 548 non
1202 511 1407 550 universae
1445 513 1737 563 disputationis,

251 583 290 617 et
333 592 422 617 cum
467 591 517 616 ex
555 579 841 629 comparatione
884 580 1057 618 locorum
1102 581 1315 630 Apologiae
1351 582 1739 634 Memorabiliumque

252 650 375 687 exitui
407 650 673 688 communium
707 650 865 688 meliora
901 650 947 688 ad
980 651 1088 688 illam
1128 652 1397 701 quaestionem
1435 654 1653 702 profectum
1691 654 1738 692 iri

250 721 559 770 exspectaveris,
603 732 740 769 reapse
777 721 831 758 ita
867 721 915 758 ad
961 733 1005 759 ea
1042 722 1300 769 comparanda
1335 724 1580 771 aggreditur,
1625 725 1737 774 quasi

250 791 462 829 diiudicata
492 791 568 829 iam
600 792 705 829 omni
738 791 965 840 quaestione
996 792 1251 841 posteriorem
1283 804 1369 830 esse
1393 794 1622 843 Apologiam
1645 806 1736 833 con-

251 865 336 899 stet.
401 861 498 900 Cum
530 862 783 899 fundamento
815 865 943 899 autem
975 862 1043 899 illo
1080 874 1289 912 permagna
1323 875 1413 913 pars
1450 876 1605 913 eorum,
1637 877 1736 915 quae

248 944 270 969 a
294 931 498 981 Caspersio
520 932 670 984 prolata
691 933 887 981 invenies,
910 933 1096 981 concidit,
1118 933 1158 970 id
1181 934 1285 982 quod
1306 938 1366 982 tu,
1399 946 1562 984 quaeso,
1591 940 1735 977 teneas,

248 1014 297 1040 ne
329 1003 432 1040 idem
456 1003 611 1053 saepius
634 1015 793 1041 monere
817 1015 913 1052 opus
937 1003 998 1042 sit.
1065 1003 1184 1041 Velut
1206 1016 1305 1053 quae
1325 1005 1505 1054 proxima
1529 1012 1736 1045 occurrunt

249 1073 380 1111 statim
412 1074 528 1111 istam
561 1075 608 1112 ob
642 1087 798 1112 causam
830 1074 930 1112 nihil
961 1074 1119 1123 pollent.
1183 1074 1327 1114 Ordine
1349 1076 1454 1113 enim
1475 1088 1605 1114 rerum
1627 1077 1736 1115 nullo

247 1143 324 1182 alio
356 1145 576 1193 observato,
614 1145 691 1183 nisi
724 1157 840 1195 quem
879 1145 1127 1183 ministrabat
1163 1145 1322 1184 libellus
1360 1147 1463 1196 ipse,
1504 1147 1736 1197 Caspersius

248 1214 302 1252 ita
333 1215 491 1253 incohat
522 1216 624 1254 hanc
655 1216 959 1265 disputationem
991 1219 1036 1254 ut
1068 1220 1214 1254 statuat

369 1287 402 1324 1.
441 1286 693 1335 Xenophonti
730 1299 811 1324 non
840 1298 957 1335 posse
996 1290 1147 1324 tantam
1177 1287 1367 1336 ineptiam
1399 1288 1577 1334 attribui,
1622 1292 1667 1326 ut
1696 1302 1735 1327 se

247 1356 448 1404 facturum
481 1369 561 1394 esse
586 1357 811 1406 promittat,
845 1358 948 1405 quod
968 1358 1058 1406 jam
1091 1357 1241 1406 fecerit:
1273 1359 1384 1407 atqui
1415 1359 1518 1407 quod
1547 1359 1576 1408 ἕ
1597 1361 1617 1396 1
1640 1372 1734 1408 pro-

245 1428 437 1474 mittatur,
471 1427 513 1465 id
542 1440 565 1465 a
597 1428 852 1477 Xenophonte
875 1428 963 1477 jam
992 1428 1228 1477 praestitum
1259 1429 1386 1478 fuisse
1423 1430 1466 1467 in
1504 1430 1733 1467 llIemorabi-

247 1498 347 1535 libus
356 1489 377 1545 ,⁹
400 1511 489 1536 cum
511 1499 649 1548 capitis
671 1498 832 1536 extremi
851 1499 966 1536 initio
988 1511 1149 1536 causam
1172 1499 1307 1537 liberae
1327 1500 1436 1537 illius
1456 1501 1731 1547 contumaciae,

249 1569 420 1607 Socratis
456 1570 671 1616 veritatem,
711 1569 994 1616 liberalitatem,
1025 1570 1248 1619 justitiam,
1294 1571 1544 1619 eoeposuisset.
1606 1572 1732 1621 Atque

245 1640 346 1677 hanc
375 1641 663 1678 contumaciam
694 1641 892 1678 neminem
925 1653 1039 1689 posse
1075 1641 1219 1677 mirari
1255 1645 1324 1678 aut
1360 1641 1578 1690 vituperare
1615 1642 1733 1693 (quod

244 1711 414 1759 pertinet
445 1711 494 1747 ad
526 1710 636 1760 Apol.
664 1713 683 1748 1
720 1708 828 1749 ὥστε
861 1706 1147 1762 ἀφρονεστέρα
1179 1707 1299 1762 mh).
1367 1711 1463 1748 Tum
1495 1712 1611 1750 etiam
1648 1725 1729 1750 eam

244 1793 422 1828 causam,
456 1794 551 1830 quae
582 1783 625 1819 in
659 1782 848 1830 Apologyia
879 1782 1063 1831 afferatur
1094 1785 1127 1819 et
1147 1781 1309 1830 relusuis
1331 1782 1514 1820 omnibus
1535 1783 1731 1832 incoquitur

244 1864 326 1890 esse
359 1852 530 1890 dicatur:
563 1856 725 1890 mortem
757 1852 836 1890 vita
871 1851 1023 1890 Socrati
1047 1852 1131 1889 iam
1152 1852 1417 1901 optabiliorem
1436 1853 1582 1902 fuisse,
1615 1854 1730 1892 Ilsem.

243 1924 272 1972 ,ξ
298 1924 324 1960 S
353 1926 435 1960 iam
467 1923 895 1976 cssejclemonstratam.
930 1946 983 1950 —
1024 1923 1204 1960 Polliceri
1240 1923 1391 1970 deinde,
1424 1923 1468 1961 id
1497 1924 1600 1973 quod
1628 1925 1732 1974 Apo-

245 1993 366 2042 loyiae
397 1998 529 2032 auctor
564 2018 615 2022 —
648 2007 716 2032 nec
748 1998 877 2032 tamen
908 1994 1129 2043 Xenophon
1159 1994 1204 2031 in
1224 1994 1539 2032 Memorabilibus
1571 2018 1625 2022 —-
1646 1995 1731 2044 pol-

246 2064 415 2107 liceatur,
449 2078 488 2102 se
519 2065 879 2103 demonstraturum
911 2065 1014 2114 quod
1044 2065 1175 2102 ceteris
1196 2065 1440 2113 incofflzitum
1462 2069 1573 2111 esset,
1606 2066 1731 2103 nimis

245 2147 435 2184 arroeans
458 2132 511 2173 ¹et
552 2148 718 2185 prorsus
761 2136 954 2174 absonum
1002 2136 1187 2184 futurum
1230 2135 1375 2183 fuisse,
1428 2138 1569 2184 ‘qiium
1619 2136 1730 2175 Plato

246 2207 447 2255 ceterique,
481 2207 550 2256 qui
573 2210 772 2256 postremo
806 2210 969 2255 tempore
1000 2205 1227 2254 saepissime
1263 2217 1354 2242 cum
1389 2205 1543 2244 Socrate
1578 2219 1729 2245 conver-

242 2278 318 2314 sati
349 2282 490 2324 essent,
524 2278 660 2316 omnia
699 2278 770 2315 illa
806 2278 930 2316 mitlto
968 2278 1192 2315 accuratius
1229 2290 1449 2327 coquoscere
1484 2277 1701 2326 potuissent
1710 2278 1728 2316 ².

241 2347 396 2385 Vellem
428 2348 674 2397 diligentius,
707 2348 801 2397 quid
832 2348 873 2385 in
905 2349 1095 2398 Apologia
1125 2349 1436 2397 promitteretur,
1469 2348 1726 2397 inspexisset:

242 2419 490 2466 cognovisset
521 2419 751 2468 scriptorem
782 2431 860 2456 non
891 2431 975 2456 rem
1006 2418 1088 2456 illis
1116 2418 1355 2467 incognitam
1376 2418 1550 2468 priorum
1571 2418 1728 2468 scriptis

242 2500 284 2526 se
315 2489 539 2526 additurum
578 2501 665 2527 esse
697 2489 887 2538 polliceri,
934 2490 1003 2527 sed
1046 2490 1094 2527 ab
1132 2489 1188 2527 eis
1226 2489 1456 2538 neglectam.
1502 2511 1556 2516 —
1604 2489 1727 2527 Porro

239 2571 416 2608 puynare
445 2572 534 2597 cum
566 2559 819 2609 Xenophonte
850 2563 1043 2598 auctorem
1075 2572 1164 2597 cum
1199 2559 1394 2597 Socratem
1425 2559 1524 2605 ideo,
1562 2562 1606 2596 ut
1636 2571 1726 2608 sup-

232 2630 402 2679 plicium
448 2630 492 2667 in
535 2642 574 2667 se
617 2631 889 2677 constituatur,
934 2630 1045 2667 illam
1087 2629 1462 2679 maqniloquentiam
1504 2629 1727 2667 adhibuisse

240 2701 362 2738 dicat:
394 2713 486 2738 nam
521 2713 565 2738 ex
596 2701 710 2739 Mem.
733 2701 798 2738 IV
815 2702 893 2747 <539
925 2696 1035 2751 (ἐμοὶ
1068 2695 1115 2738 δὲ
1145 2694 1188 2737 τί
1219 2694 1389 2752 αἷσχρόν
1410 2696 1458 2738 τὸ
1481 2693 1648 2751 ἑτέρους
1667 2697 1725 2752 μὴ

242 2768 457 2809 δύνασθαι
492 2767 594 2821 περὶ
627 2765 731 2821 ἐμοῦ
768 2769 822 2809 τὰ
860 2765 1010 2809 δίκαια
1046 2767 1153 2824 μήτε
1190 2774 1345 2822 γνῶναι
1382 2768 1490 2824 μήτε
1527 2770 1726 2824 ποιῆσαι)

239 2854 423 2890 apparere
455 2842 671 2879 ‘Socratem
708 2842 808 2879 illud
843 2842 918 2879 sibi
956 2845 1065 2890 turpe
1103 2841 1365 2886 existimasse,
1409 2841 1445 2878 si
1481 2853 1562 2878 non
1600 2839 1727 2890 quoad

239 2912 324 2948 eius
354 2912 444 2960 fieri
469 2915 617 2961 posset,
650 2912 844 2950 iudicibus
873 2911 1147 2961 persuasisset,
1187 2915 1231 2948 ut
1267 2914 1366 2949 recta
1404 2914 1437 2949 et
1473 2910 1724 2959 intelhyerent

1812 0 1820 260 l

1817 327 1820 432 *
