<?xml version="1.0" encoding="UTF-8"?>
<!DOCTYPE html PUBLIC "-//W3C//DTD XHTML 1.0 Transitional//EN"
    "http://www.w3.org/TR/xhtml1/DTD/xhtml1-transitional.dtd">
<html xmlns="http://www.w3.org/1999/xhtml" xml:lang="en" lang="en">
 <head>
  <title>
</title>
<meta http-equiv="Content-Type" content="text/html;charset=utf-8" />
  <meta name='ocr-system' content='tesseract 3.04.00' />
  <meta name='ocr-capabilities' content='ocr_page ocr_carea ocr_par ocr_line ocrx_word'/>
</head>
<body>
  <div class='ocr_page' id='page_1' title='image "./xenophontisqvaef00fricuoft_0131.png"; bbox 0 0 1820 3340; ppageno 0'>
   <div class='ocr_carea' id='block_1_1' title="bbox 1459 274 1541 312">
    <p class='ocr_par' dir='ltr' id='par_1_1' title="bbox 1459 274 1541 312">
     <span class='ocr_line' id='line_1_1' title="bbox 1459 274 1541 312; baseline 0.012 -1"><span class='ocrx_word' id='word_1_1' title='bbox 1459 274 1541 312; x_wconf 76' lang='lat'>127</span> 
     </span>
    </p>
   </div>
   <div class='ocr_carea' id='block_1_2' title="bbox 58 390 1544 1354">
    <p class='ocr_par' dir='ltr' id='par_1_2' title="bbox 58 390 1544 1354">
     <span class='ocr_line' id='line_1_2' title="bbox 60 390 1543 440; baseline -0.001 -11"><span class='ocrx_word' id='word_1_2' title='bbox 60 391 366 430; x_wconf 80' lang='lat' dir='ltr'>ratiocinationis</span> <span class='ocrx_word' id='word_1_3' title='bbox 398 395 608 440; x_wconf 79' lang='lat' dir='ltr'>usurpatae</span> <span class='ocrx_word' id='word_1_4' title='bbox 641 391 678 428; x_wconf 90' lang='lat' dir='ltr'>in</span> <span class='ocrx_word' id='word_1_5' title='bbox 713 390 948 440; x_wconf 76' lang='lat' dir='ltr'>paucitatem</span> <span class='ocrx_word' id='word_1_6' title='bbox 981 393 1267 428; x_wconf 86' lang='lat' dir='ltr'>consumuntur</span> <span class='ocrx_word' id='word_1_7' title='bbox 1297 403 1434 440; x_wconf 88' lang='lat' dir='ltr'>parum</span> <span class='ocrx_word' id='word_1_8' title='bbox 1466 391 1543 428; x_wconf 88' lang='lat' dir='ltr'>iam</span> 
     </span>
     <span class='ocr_line' id='line_1_3' title="bbox 58 460 1543 510; baseline -0.001 -11"><span class='ocrx_word' id='word_1_9' title='bbox 58 462 239 500; x_wconf 83' lang='lat' dir='ltr'>idoneam</span> <span class='ocrx_word' id='word_1_10' title='bbox 282 461 331 498; x_wconf 87' lang='lat' dir='ltr'>ad</span> <span class='ocrx_word' id='word_1_11' title='bbox 375 461 641 499; x_wconf 88' lang='lat' dir='ltr'>sustinendam</span> <span class='ocrx_word' id='word_1_12' title='bbox 686 460 1059 509; x_wconf 78' lang='lat' dir='ltr'>argumentationem</span> <span class='ocrx_word' id='word_1_13' title='bbox 1103 463 1240 508; x_wconf 84' lang='lat' dir='ltr'>totam,</span> <span class='ocrx_word' id='word_1_14' title='bbox 1287 460 1389 498; x_wconf 89' lang='lat' dir='ltr'>idem</span> <span class='ocrx_word' id='word_1_15' title='bbox 1439 461 1543 510; x_wconf 91' lang='lat' dir='ltr'>quod</span> 
     </span>
     <span class='ocr_line' id='line_1_4' title="bbox 58 530 1542 582; baseline -0.003 -11"><span class='ocrx_word' id='word_1_16' title='bbox 58 532 270 582; x_wconf 81' lang='lat' dir='ltr'>Apologiae</span> <span class='ocrx_word' id='word_1_17' title='bbox 302 531 542 581; x_wconf 83' lang='lat' dir='ltr'>propositum</span> <span class='ocrx_word' id='word_1_18' title='bbox 576 535 635 569; x_wconf 87' lang='lat' dir='ltr'>est</span> <span class='ocrx_word' id='word_1_19' title='bbox 666 543 910 580; x_wconf 83' lang='lat' dir='ltr'>nequaquam</span> <span class='ocrx_word' id='word_1_20' title='bbox 942 530 1260 568; x_wconf 90' lang='lat' dir='ltr'>Memorabilibus</span> <span class='ocrx_word' id='word_1_21' title='bbox 1283 542 1436 580; x_wconf 86' lang='lat' dir='ltr'>quoque</span> <span class='ocrx_word' id='word_1_22' title='bbox 1459 531 1542 568; x_wconf 84' lang='lat' dir='ltr'>effi-</span> 
     </span>
     <span class='ocr_line' id='line_1_5' title="bbox 59 600 1541 651; baseline -0.002 -11"><span class='ocrx_word' id='word_1_23' title='bbox 59 603 177 651; x_wconf 89' lang='lat' dir='ltr'>citur,</span> <span class='ocrx_word' id='word_1_24' title='bbox 211 602 280 640; x_wconf 91' lang='lat' dir='ltr'>sed</span> <span class='ocrx_word' id='word_1_25' title='bbox 311 601 509 651; x_wconf 85' lang='lat' dir='ltr'>peculiare</span> <span class='ocrx_word' id='word_1_26' title='bbox 540 601 609 639; x_wconf 90' lang='lat' dir='ltr'>illa</span> <span class='ocrx_word' id='word_1_27' title='bbox 639 613 862 650; x_wconf 85' lang='lat' dir='ltr'>novumque</span> <span class='ocrx_word' id='word_1_28' title='bbox 894 601 1072 650; x_wconf 86' lang='lat' dir='ltr'>sequitur</span> <span class='ocrx_word' id='word_1_29' title='bbox 1103 600 1326 650; x_wconf 80' lang='lat' dir='ltr'>consilium3</span> <span class='ocrx_word' id='word_1_30' title='bbox 1358 600 1407 638; x_wconf 92' lang='lat' dir='ltr'>ad</span> <span class='ocrx_word' id='word_1_31' title='bbox 1439 600 1541 649; x_wconf 85' lang='lat' dir='ltr'>quod</span> 
     </span>
     <span class='ocr_line' id='line_1_6' title="bbox 60 670 1543 722; baseline -0.002 -12"><span class='ocrx_word' id='word_1_32' title='bbox 60 683 330 722; x_wconf 79' lang='lat' dir='ltr'>quaecumque</span> <span class='ocrx_word' id='word_1_33' title='bbox 362 672 663 719; x_wconf 79' lang='lat' dir='ltr'>conveniebant,</span> <span class='ocrx_word' id='word_1_34' title='bbox 702 684 752 710; x_wconf 86' lang='lat' dir='ltr'>ex</span> <span class='ocrx_word' id='word_1_35' title='bbox 784 671 926 709; x_wconf 91' lang='lat' dir='ltr'>maiore</span> <span class='ocrx_word' id='word_1_36' title='bbox 958 671 1056 708; x_wconf 86' lang='lat' dir='ltr'>libro</span> <span class='ocrx_word' id='word_1_37' title='bbox 1087 675 1200 708; x_wconf 86' lang='lat' dir='ltr'>antea</span> <span class='ocrx_word' id='word_1_38' title='bbox 1231 670 1443 719; x_wconf 86' lang='lat' dir='ltr'>composito</span> <span class='ocrx_word' id='word_1_39' title='bbox 1476 683 1543 708; x_wconf 79' lang='lat' dir='ltr'>ex-</span> 
     </span>
     <span class='ocr_line' id='line_1_7' title="bbox 59 740 1542 792; baseline -0.001 -12"><span class='ocrx_word' id='word_1_40' title='bbox 59 745 282 792; x_wconf 87' lang='lat' dir='ltr'>cerpentem</span> <span class='ocrx_word' id='word_1_41' title='bbox 313 745 430 791; x_wconf 83' lang='lat' dir='ltr'>atque</span> <span class='ocrx_word' id='word_1_42' title='bbox 461 742 557 780; x_wconf 87' lang='lat' dir='ltr'>haec</span> <span class='ocrx_word' id='word_1_43' title='bbox 587 742 673 791; x_wconf 86' lang='lat' dir='ltr'>illa,</span> <span class='ocrx_word' id='word_1_44' title='bbox 718 753 816 791; x_wconf 88' lang='lat' dir='ltr'>quae</span> <span class='ocrx_word' id='word_1_45' title='bbox 854 740 894 778; x_wconf 83' lang='lat' dir='ltr'>in</span> <span class='ocrx_word' id='word_1_46' title='bbox 933 741 1009 778; x_wconf 88' lang='lat' dir='ltr'>isto</span> <span class='ocrx_word' id='word_1_47' title='bbox 1047 753 1123 778; x_wconf 87' lang='lat' dir='ltr'>non</span> <span class='ocrx_word' id='word_1_48' title='bbox 1164 744 1290 787; x_wconf 86' lang='lat' dir='ltr'>erant,</span> <span class='ocrx_word' id='word_1_49' title='bbox 1333 740 1542 778; x_wconf 82' lang='lat' dir='ltr'>addentem</span> 
     </span>
     <span class='ocr_line' id='line_1_8' title="bbox 58 810 1543 860; baseline -0.002 -10"><span class='ocrx_word' id='word_1_50' title='bbox 58 825 202 850; x_wconf 65' lang='lat' dir='ltr'>novum</span> <span class='ocrx_word' id='word_1_51' title='bbox 234 824 284 850; x_wconf 82' lang='lat' dir='ltr'>ex</span> <span class='ocrx_word' id='word_1_52' title='bbox 315 812 631 850; x_wconf 89' lang='lat' dir='ltr'>Memorabilibus</span> <span class='ocrx_word' id='word_1_53' title='bbox 663 812 840 850; x_wconf 89' lang='lat' dir='ltr'>libellum</span> <span class='ocrx_word' id='word_1_54' title='bbox 875 811 975 849; x_wconf 89' lang='lat' dir='ltr'>sicut</span> <span class='ocrx_word' id='word_1_55' title='bbox 996 811 1223 860; x_wconf 83' lang='lat' dir='ltr'>Agesilaum</span> <span class='ocrx_word' id='word_1_56' title='bbox 1258 823 1307 848; x_wconf 84' lang='lat' dir='ltr'>ex</span> <span class='ocrx_word' id='word_1_57' title='bbox 1327 810 1543 848; x_wconf 84' lang='lat' dir='ltr'>Hellenicis</span> 
     </span>
     <span class='ocr_line' id='line_1_9' title="bbox 59 881 1541 932; baseline -0.002 -12"><span class='ocrx_word' id='word_1_58' title='bbox 59 886 254 921; x_wconf 88' lang='lat' dir='ltr'>auctorem</span> <span class='ocrx_word' id='word_1_59' title='bbox 288 882 416 932; x_wconf 88' lang='lat' dir='ltr'>ipsum</span> <span class='ocrx_word' id='word_1_60' title='bbox 448 882 662 920; x_wconf 76' lang='lat' dir='ltr'>confecisse</span> <span class='ocrx_word' id='word_1_61' title='bbox 693 882 920 919; x_wconf 85' lang='lat' dir='ltr'>existimare</span> <span class='ocrx_word' id='word_1_62' title='bbox 951 881 1046 930; x_wconf 88' lang='lat' dir='ltr'>quid</span> <span class='ocrx_word' id='word_1_63' title='bbox 1068 882 1235 919; x_wconf 81' lang='lat' dir='ltr'>vetuerit</span> <span class='ocrx_word' id='word_1_64' title='bbox 1265 881 1409 929; x_wconf 84' lang='lat' dir='ltr'>ignoro.</span> <span class='ocrx_word' id='word_1_65' title='bbox 1464 881 1541 919; x_wconf 86' lang='lat' dir='ltr'>Sed</span> 
     </span>
     <span class='ocr_line' id='line_1_10' title="bbox 59 951 1544 1002; baseline -0.002 -11"><span class='ocrx_word' id='word_1_66' title='bbox 59 957 103 992; x_wconf 90' lang='lat' dir='ltr'>ut</span> <span class='ocrx_word' id='word_1_67' title='bbox 134 954 233 991; x_wconf 85' lang='lat' dir='ltr'>haec</span> <span class='ocrx_word' id='word_1_68' title='bbox 263 953 394 1002; x_wconf 86' lang='lat' dir='ltr'>Hugio</span> <span class='ocrx_word' id='word_1_69' title='bbox 422 953 704 991; x_wconf 83' lang='lat' dir='ltr'>condonemus:</span> <span class='ocrx_word' id='word_1_70' title='bbox 728 964 828 1002; x_wconf 89' lang='lat' dir='ltr'>quae</span> <span class='ocrx_word' id='word_1_71' title='bbox 849 951 1021 996; x_wconf 89' lang='lat' dir='ltr'>tandem,</span> <span class='ocrx_word' id='word_1_72' title='bbox 1055 963 1215 1001; x_wconf 82' lang='lat' dir='ltr'>quaeso,</span> <span class='ocrx_word' id='word_1_73' title='bbox 1248 952 1332 989; x_wconf 86' lang='lat' dir='ltr'>eius</span> <span class='ocrx_word' id='word_1_74' title='bbox 1353 955 1414 989; x_wconf 88' lang='lat' dir='ltr'>est</span> <span class='ocrx_word' id='word_1_75' title='bbox 1435 951 1544 999; x_wconf 89' lang='lat' dir='ltr'>ratio,</span> 
     </span>
     <span class='ocr_line' id='line_1_11' title="bbox 59 1022 1543 1074; baseline -0.001 -13"><span class='ocrx_word' id='word_1_76' title='bbox 59 1024 144 1074; x_wconf 82' lang='lat' dir='ltr'>qui,</span> <span class='ocrx_word' id='word_1_77' title='bbox 177 1023 279 1073; x_wconf 90' lang='lat' dir='ltr'>quod</span> <span class='ocrx_word' id='word_1_78' title='bbox 311 1027 400 1061; x_wconf 86' lang='lat' dir='ltr'>ante</span> <span class='ocrx_word' id='word_1_79' title='bbox 431 1026 576 1061; x_wconf 90' lang='lat' dir='ltr'>certam</span> <span class='ocrx_word' id='word_1_80' title='bbox 609 1023 802 1072; x_wconf 88' lang='lat' dir='ltr'>quandam</span> <span class='ocrx_word' id='word_1_81' title='bbox 833 1034 915 1059; x_wconf 86' lang='lat' dir='ltr'>rem</span> <span class='ocrx_word' id='word_1_82' title='bbox 949 1022 1093 1060; x_wconf 85' lang='lat' dir='ltr'>factum</span> <span class='ocrx_word' id='word_1_83' title='bbox 1128 1022 1196 1071; x_wconf 86' lang='lat' dir='ltr'>sit,</span> <span class='ocrx_word' id='word_1_84' title='bbox 1235 1022 1275 1058; x_wconf 89' lang='lat' dir='ltr'>id</span> <span class='ocrx_word' id='word_1_85' title='bbox 1307 1022 1422 1071; x_wconf 83' lang='lat' dir='ltr'>paulo</span> <span class='ocrx_word' id='word_1_86' title='bbox 1454 1028 1543 1071; x_wconf 85' lang='lat' dir='ltr'>post</span> 
     </span>
     <span class='ocr_line' id='line_1_12' title="bbox 58 1092 1542 1142; baseline -0.002 -11"><span class='ocrx_word' id='word_1_87' title='bbox 58 1094 172 1132; x_wconf 89' lang='lat' dir='ltr'>aliam</span> <span class='ocrx_word' id='word_1_88' title='bbox 203 1106 286 1131; x_wconf 90' lang='lat' dir='ltr'>rem</span> <span class='ocrx_word' id='word_1_89' title='bbox 319 1093 536 1131; x_wconf 86' lang='lat' dir='ltr'>seiunctam</span> <span class='ocrx_word' id='word_1_90' title='bbox 567 1094 614 1131; x_wconf 89' lang='lat' dir='ltr'>ab</span> <span class='ocrx_word' id='word_1_91' title='bbox 646 1093 715 1131; x_wconf 87' lang='lat' dir='ltr'>illa</span> <span class='ocrx_word' id='word_1_92' title='bbox 737 1092 997 1142; x_wconf 84' lang='lat' dir='ltr'>complurium</span> <span class='ocrx_word' id='word_1_93' title='bbox 1018 1104 1207 1129; x_wconf 87' lang='lat' dir='ltr'>annorum</span> <span class='ocrx_word' id='word_1_94' title='bbox 1229 1092 1434 1130; x_wconf 86' lang='lat' dir='ltr'>intervallo</span> <span class='ocrx_word' id='word_1_95' title='bbox 1456 1092 1542 1130; x_wconf 87' lang='lat' dir='ltr'>fieri</span> 
     </span>
     <span class='ocr_line' id='line_1_13' title="bbox 59 1162 1543 1213; baseline -0.002 -11"><span class='ocrx_word' id='word_1_96' title='bbox 59 1164 238 1202; x_wconf 85' lang='lat' dir='ltr'>debuisse</span> <span class='ocrx_word' id='word_1_97' title='bbox 269 1163 493 1202; x_wconf 70' lang='lat' dir='ltr'>contendit?</span> <span class='ocrx_word' id='word_1_98' title='bbox 525 1164 626 1213; x_wconf 88' lang='lat' dir='ltr'>quod</span> <span class='ocrx_word' id='word_1_99' title='bbox 659 1163 815 1212; x_wconf 82' lang='lat' dir='ltr'>Hugius</span> <span class='ocrx_word' id='word_1_100' title='bbox 848 1163 1056 1201; x_wconf 85' lang='lat' dir='ltr'>committit</span> <span class='ocrx_word' id='word_1_101' title='bbox 1093 1175 1181 1200; x_wconf 88' lang='lat' dir='ltr'>cum</span> <span class='ocrx_word' id='word_1_102' title='bbox 1214 1162 1466 1211; x_wconf 70' lang='lat' dir='ltr'>Apoloyiam,</span> <span class='ocrx_word' id='word_1_103' title='bbox 1506 1162 1543 1199; x_wconf 80' lang='lat' dir='ltr'>si</span> 
     </span>
     <span class='ocr_line' id='line_1_14' title="bbox 58 1233 1542 1283; baseline -0.002 -11"><span class='ocrx_word' id='word_1_104' title='bbox 58 1238 145 1272; x_wconf 75' lang='lat' dir='ltr'>ante</span> <span class='ocrx_word' id='word_1_105' title='bbox 176 1234 442 1272; x_wconf 79' lang='lat' dir='ltr'>Memorabilia</span> <span class='ocrx_word' id='word_1_106' title='bbox 479 1234 622 1283; x_wconf 79' lang='lat' dir='ltr'>scripta</span> <span class='ocrx_word' id='word_1_107' title='bbox 653 1238 860 1280; x_wconf 75' lang='lat' dir='ltr'>censeatur,</span> <span class='ocrx_word' id='word_1_108' title='bbox 898 1233 1016 1282; x_wconf 75' lang='lat' dir='ltr'>paulo</span> <span class='ocrx_word' id='word_1_109' title='bbox 1047 1237 1137 1282; x_wconf 70' lang='lat' dir='ltr'>post</span> <span class='ocrx_word' id='word_1_110' title='bbox 1173 1233 1343 1271; x_wconf 80' lang='lat' dir='ltr'>Socratis</span> <span class='ocrx_word' id='word_1_111' title='bbox 1380 1236 1542 1270; x_wconf 83' lang='lat' dir='ltr'>mortem</span> 
     </span>
     <span class='ocr_line' id='line_1_15' title="bbox 58 1304 790 1354; baseline -0.001 -12"><span class='ocrx_word' id='word_1_112' title='bbox 58 1305 243 1354; x_wconf 72' lang='lat' dir='ltr'>scriptam</span> <span class='ocrx_word' id='word_1_113' title='bbox 274 1304 503 1342; x_wconf 74' lang='lat' dir='ltr'>censendam</span> <span class='ocrx_word' id='word_1_114' title='bbox 535 1317 614 1342; x_wconf 86' lang='grc'><em>6336</em></span> <span class='ocrx_word' id='word_1_115' title='bbox 645 1304 790 1341; x_wconf 85' lang='lat' dir='ltr'>statuit.</span> 
     </span>
    </p>
   </div>
   <div class='ocr_carea' id='block_1_3' title="bbox 57 1384 1543 2422">
    <p class='ocr_par' dir='ltr' id='par_1_3' title="bbox 57 1384 1543 2422">
     <span class='ocr_line' id='line_1_16' title="bbox 175 1384 1543 1436; baseline -0.002 -12"><span class='ocrx_word' id='word_1_116' title='bbox 175 1386 279 1425; x_wconf 90' lang='lat' dir='ltr'>Huic</span> <span class='ocrx_word' id='word_1_117' title='bbox 310 1398 404 1424; x_wconf 91' lang='lat' dir='ltr'>suae</span> <span class='ocrx_word' id='word_1_118' title='bbox 435 1387 628 1436; x_wconf 88' lang='lat' dir='ltr'>opinionis</span> <span class='ocrx_word' id='word_1_119' title='bbox 659 1387 901 1424; x_wconf 86' lang='lat' dir='ltr'>firmamento</span> <span class='ocrx_word' id='word_1_120' title='bbox 924 1389 1001 1424; x_wconf 89' lang='lat' dir='ltr'>tam</span> <span class='ocrx_word' id='word_1_121' title='bbox 1024 1386 1164 1423; x_wconf 81' lang='lat' dir='ltr'>misere</span> <span class='ocrx_word' id='word_1_122' title='bbox 1187 1386 1341 1422; x_wconf 89' lang='lat' dir='ltr'>infirmo</span> <span class='ocrx_word' id='word_1_123' title='bbox 1363 1384 1543 1434; x_wconf 83' lang='lat' dir='ltr'>adiungit</span> 
     </span>
     <span class='ocr_line' id='line_1_17' title="bbox 59 1455 1541 1507; baseline -0.002 -12"><span class='ocrx_word' id='word_1_124' title='bbox 59 1457 249 1507; x_wconf 84' lang='lat' dir='ltr'>quaedam</span> <span class='ocrx_word' id='word_1_125' title='bbox 280 1457 356 1494; x_wconf 83' lang='lat' dir='ltr'>alia</span> <span class='ocrx_word' id='word_1_126' title='bbox 387 1457 545 1495; x_wconf 85' lang='lat' dir='ltr'>levioris</span> <span class='ocrx_word' id='word_1_127' title='bbox 577 1461 810 1505; x_wconf 85' lang='lat' dir='ltr'>armaturae,</span> <span class='ocrx_word' id='word_1_128' title='bbox 855 1460 899 1494; x_wconf 91' lang='lat' dir='ltr'>ut</span> <span class='ocrx_word' id='word_1_129' title='bbox 935 1457 1011 1506; x_wconf 89' lang='lat' dir='ltr'>ipsi</span> <span class='ocrx_word' id='word_1_130' title='bbox 1043 1455 1256 1506; x_wconf 78' lang='lat' dir='ltr'>videtur1)‚</span> <span class='ocrx_word' id='word_1_131' title='bbox 1299 1462 1541 1504; x_wconf 77' lang='lat' dir='ltr'>argumenta,</span> 
     </span>
     <span class='ocr_line' id='line_1_18' title="bbox 58 1526 1543 1578; baseline -0.001 -13"><span class='ocrx_word' id='word_1_132' title='bbox 58 1541 156 1578; x_wconf 83' lang='lat' dir='ltr'>quae</span> <span class='ocrx_word' id='word_1_133' title='bbox 187 1528 290 1577; x_wconf 88' lang='lat' dir='ltr'>apud</span> <span class='ocrx_word' id='word_1_134' title='bbox 323 1527 543 1577; x_wconf 82' lang='lat' dir='ltr'>superiores</span> <span class='ocrx_word' id='word_1_135' title='bbox 580 1528 658 1565; x_wconf 87' lang='lat' dir='ltr'>iam</span> <span class='ocrx_word' id='word_1_136' title='bbox 696 1528 940 1577; x_wconf 86' lang='lat' dir='ltr'>repperimus</span> <span class='ocrx_word' id='word_1_137' title='bbox 952 1527 998 1577; x_wconf 82' lang='grc'>2);</span> <span class='ocrx_word' id='word_1_138' title='bbox 1037 1527 1086 1565; x_wconf 87' lang='lat' dir='ltr'>de</span> <span class='ocrx_word' id='word_1_139' title='bbox 1123 1526 1297 1564; x_wconf 75' lang='lat' dir='ltr'>fontibus</span> <span class='ocrx_word' id='word_1_140' title='bbox 1329 1526 1543 1575; x_wconf 83' lang='lat' dir='ltr'>Apologiac</span> 
     </span>
     <span class='ocr_line' id='line_1_19' title="bbox 58 1596 1542 1648; baseline -0.002 -12"><span class='ocrx_word' id='word_1_141' title='bbox 58 1602 258 1648; x_wconf 85' lang='lat' dir='ltr'>aetateque</span> <span class='ocrx_word' id='word_1_142' title='bbox 300 1598 340 1635; x_wconf 92' lang='lat' dir='ltr'>in</span> <span class='ocrx_word' id='word_1_143' title='bbox 380 1598 543 1636; x_wconf 87' lang='lat' dir='ltr'>eandem</span> <span class='ocrx_word' id='word_1_144' title='bbox 580 1610 669 1636; x_wconf 89' lang='lat' dir='ltr'>cum</span> <span class='ocrx_word' id='word_1_145' title='bbox 708 1597 918 1636; x_wconf 81' lang='lat' dir='ltr'>Sclimitzio</span> <span class='ocrx_word' id='word_1_146' title='bbox 929 1597 958 1647; x_wconf 79' lang='grc'>3)</span> <span class='ocrx_word' id='word_1_147' title='bbox 997 1597 1230 1635; x_wconf 89' lang='lat' dir='ltr'>sententiam</span> <span class='ocrx_word' id='word_1_148' title='bbox 1274 1596 1449 1645; x_wconf 81' lang='lat' dir='ltr'>disserit3</span> <span class='ocrx_word' id='word_1_149' title='bbox 1494 1596 1542 1633; x_wconf 89' lang='lat' dir='ltr'>ad</span> 
     </span>
     <span class='ocr_line' id='line_1_20' title="bbox 58 1662 1542 1723; baseline -0.001 -17"><span class='ocrx_word' id='word_1_150' title='bbox 58 1662 368 1723; x_wconf 78' lang='grc' dir='ltr'><em>μεγαληγορίαν</em></span> <span class='ocrx_word' id='word_1_151' title='bbox 405 1669 452 1706; x_wconf 89' lang='lat' dir='ltr'>ab</span> <span class='ocrx_word' id='word_1_152' title='bbox 485 1669 664 1706; x_wconf 89' lang='lat' dir='ltr'>omnibus</span> <span class='ocrx_word' id='word_1_153' title='bbox 702 1670 784 1706; x_wconf 80' lang='lat' dir='ltr'>fere</span> <span class='ocrx_word' id='word_1_154' title='bbox 823 1668 1045 1705; x_wconf 84' lang='lat' dir='ltr'>vellicatam</span> <span class='ocrx_word' id='word_1_155' title='bbox 1084 1668 1273 1716; x_wconf 83' lang='lat' dir='ltr'>quaedam</span> <span class='ocrx_word' id='word_1_156' title='bbox 1310 1679 1389 1704; x_wconf 85' lang='lat' dir='ltr'>non</span> <span class='ocrx_word' id='word_1_157' title='bbox 1426 1666 1542 1704; x_wconf 89' lang='lat' dir='ltr'>nimis</span> 
     </span>
     <span class='ocr_line' id='line_1_21' title="bbox 58 1737 1540 1789; baseline -0.001 -12"><span class='ocrx_word' id='word_1_158' title='bbox 58 1739 266 1789; x_wconf 86' lang='lat' dir='ltr'>perspicua</span> <span class='ocrx_word' id='word_1_159' title='bbox 287 1739 399 1787; x_wconf 83' lang='lat' dir='ltr'>dicit3</span> <span class='ocrx_word' id='word_1_160' title='bbox 422 1743 621 1788; x_wconf 89' lang='lat' dir='ltr'>postremo</span> <span class='ocrx_word' id='word_1_161' title='bbox 643 1739 848 1777; x_wconf 81' lang='lat' dir='ltr'>verborum</span> <span class='ocrx_word' id='word_1_162' title='bbox 871 1738 972 1776; x_wconf 74' lang='lat' dir='ltr'>inter</span> <span class='ocrx_word' id='word_1_163' title='bbox 993 1737 1224 1787; x_wconf 83' lang='lat' dir='ltr'>Apologiam</span> <span class='ocrx_word' id='word_1_164' title='bbox 1247 1742 1285 1775; x_wconf 91' lang='lat' dir='ltr'>et</span> <span class='ocrx_word' id='word_1_165' title='bbox 1306 1737 1420 1776; x_wconf 80' lang='lat' dir='ltr'>Mem.</span> <span class='ocrx_word' id='word_1_166' title='bbox 1442 1737 1500 1774; x_wconf 88' lang='lat' dir='ltr'>IV</span> <span class='ocrx_word' id='word_1_167' title='bbox 1517 1739 1540 1775; x_wconf 79' lang='lat'>8</span> 
     </span>
     <span class='ocr_line' id='line_1_22' title="bbox 59 1808 1541 1860; baseline -0.001 -14"><span class='ocrx_word' id='word_1_168' title='bbox 59 1809 264 1848; x_wconf 87' lang='lat' dir='ltr'>nonnullas</span> <span class='ocrx_word' id='word_1_169' title='bbox 293 1809 573 1857; x_wconf 86' lang='lat' dir='ltr'>discrepantias</span> <span class='ocrx_word' id='word_1_170' title='bbox 594 1809 723 1856; x_wconf 83' lang='lat' dir='ltr'>affert,</span> <span class='ocrx_word' id='word_1_171' title='bbox 756 1809 876 1860; x_wconf 86' lang='lat' dir='ltr'>unde,</span> <span class='ocrx_word' id='word_1_172' title='bbox 909 1812 1100 1858; x_wconf 88' lang='lat' dir='ltr'>quantum</span> <span class='ocrx_word' id='word_1_173' title='bbox 1121 1808 1217 1846; x_wconf 87' lang='lat' dir='ltr'>haec</span> <span class='ocrx_word' id='word_1_174' title='bbox 1238 1808 1308 1846; x_wconf 86' lang='lat' dir='ltr'>illa</span> <span class='ocrx_word' id='word_1_175' title='bbox 1330 1811 1541 1857; x_wconf 86' lang='lat' dir='ltr'>praestent,</span> 
     </span>
     <span class='ocr_line' id='line_1_23' title="bbox 59 1874 1542 1932; baseline -0.003 -14"><span class='ocrx_word' id='word_1_176' title='bbox 59 1881 227 1918; x_wconf 81' lang='lat' dir='ltr'>eluceat:</span> <span class='ocrx_word' id='word_1_177' title='bbox 260 1879 470 1917; x_wconf 74' lang='lat' dir='ltr'>discrimen</span> <span class='ocrx_word' id='word_1_178' title='bbox 500 1879 601 1917; x_wconf 76' lang='lat' dir='ltr'>inter</span> <span class='ocrx_word' id='word_1_179' title='bbox 631 1874 802 1930; x_wconf 77' lang='grc' dir='ltr'><em>βέλτιον</em></span> <span class='ocrx_word' id='word_1_180' title='bbox 840 1883 878 1917; x_wconf 84' lang='lat' dir='ltr'>et</span> <span class='ocrx_word' id='word_1_181' title='bbox 916 1875 1035 1932; x_wconf 67' lang='grc' dir='ltr'><em>ἥδιον</em></span> <span class='ocrx_word' id='word_1_182' title='bbox 1065 1879 1186 1928; x_wconf 75' lang='grc' dir='ltr'><em>βιοῦν</em></span> <span class='ocrx_word' id='word_1_183' title='bbox 1224 1879 1267 1915; x_wconf 77' lang='lat' dir='ltr'>in</span> <span class='ocrx_word' id='word_1_184' title='bbox 1304 1878 1419 1915; x_wconf 88' lang='lat' dir='ltr'>Mem.</span> <span class='ocrx_word' id='word_1_185' title='bbox 1451 1878 1542 1916; x_wconf 80' lang='lat' dir='ltr'>scite</span> 
     </span>
     <span class='ocr_line' id='line_1_24' title="bbox 57 1943 1539 2002; baseline -0.002 -14"><span class='ocrx_word' id='word_1_186' title='bbox 57 1951 208 1999; x_wconf 81' lang='lat' dir='ltr'>factam</span> <span class='ocrx_word' id='word_1_187' title='bbox 233 1950 351 1999; x_wconf 77' lang='lat' dir='ltr'>plane</span> <span class='ocrx_word' id='word_1_188' title='bbox 381 1950 545 1998; x_wconf 68' lang='lat' dir='ltr'>meyleyi,</span> <span class='ocrx_word' id='word_1_189' title='bbox 578 1950 687 1987; x_wconf 83' lang='lat' dir='ltr'>verba</span> <span class='ocrx_word' id='word_1_190' title='bbox 719 1945 827 1987; x_wconf 79' lang='grc' dir='ltr'><em>ἀλλὰ</em></span> <span class='ocrx_word' id='word_1_191' title='bbox 858 1947 940 2002; x_wconf 79' lang='grc' dir='ltr'>μὴν</span> <span class='ocrx_word' id='word_1_192' title='bbox 961 1945 1096 1986; x_wconf 77' lang='grc' dir='ltr'><em>ταῦτά</em></span> <span class='ocrx_word' id='word_1_193' title='bbox 1118 1961 1163 2000; x_wconf 82' lang='grc' dir='ltr'>γε</span> <span class='ocrx_word' id='word_1_194' title='bbox 1184 1943 1270 1987; x_wconf 74' lang='grc' dir='ltr'>κτέ.</span> <span class='ocrx_word' id='word_1_195' title='bbox 1302 1947 1432 2001; x_wconf 85' lang='lat' dir='ltr'>(Mem.</span> <span class='ocrx_word' id='word_1_196' title='bbox 1455 1949 1484 1997; x_wconf 62' lang='grc' dir='ltr'>ἑ·</span> <span class='ocrx_word' id='word_1_197' title='bbox 1501 1950 1539 1996; x_wconf 77' lang='lat'>8)</span> 
     </span>
     <span class='ocr_line' id='line_1_25' title="bbox 59 2015 1541 2073; baseline -0.002 -15"><span class='ocrx_word' id='word_1_198' title='bbox 59 2021 157 2059; x_wconf 84' lang='lat' dir='ltr'>male</span> <span class='ocrx_word' id='word_1_199' title='bbox 187 2020 383 2065; x_wconf 81' lang='lat' dir='ltr'>mutilari,</span> <span class='ocrx_word' id='word_1_200' title='bbox 417 2016 490 2058; x_wconf 75' lang='grc' dir='ltr'>καὶ</span> <span class='ocrx_word' id='word_1_201' title='bbox 522 2015 874 2073; x_wconf 79' lang='grc' dir='ltr'><em>καταμέμφωμαι</em></span> <span class='ocrx_word' id='word_1_202' title='bbox 908 2015 1088 2069; x_wconf 79' lang='grc' dir='ltr'><em>ἐμαυτὸν</em></span> <span class='ocrx_word' id='word_1_203' title='bbox 1120 2019 1291 2056; x_wconf 71' lang='lat' dir='ltr'>insolens</span> <span class='ocrx_word' id='word_1_204' title='bbox 1322 2031 1402 2056; x_wconf 88' lang='grc'><em>6336</em></span> <span class='ocrx_word' id='word_1_205' title='bbox 1433 2018 1541 2056; x_wconf 88' lang='lat' dir='ltr'>addi-</span> 
     </span>
     <span class='ocr_line' id='line_1_26' title="bbox 60 2082 1540 2141; baseline -0.002 -12"><span class='ocrx_word' id='word_1_206' title='bbox 60 2095 291 2138; x_wconf 77' lang='lat' dir='ltr'>tamentum,</span> <span class='ocrx_word' id='word_1_207' title='bbox 333 2091 498 2139; x_wconf 71' lang='lat' dir='ltr'>diyiium</span> <span class='ocrx_word' id='word_1_208' title='bbox 529 2103 570 2128; x_wconf 92' lang='grc' dir='ltr'>6ο</span> <span class='ocrx_word' id='word_1_209' title='bbox 602 2091 705 2140; x_wconf 80' lang='lat' dir='ltr'>qaod</span> <span class='ocrx_word' id='word_1_210' title='bbox 741 2091 932 2128; x_wconf 72' lang='lat' dir='ltr'>antecedat</span> <span class='ocrx_word' id='word_1_211' title='bbox 964 2083 1138 2141; x_wconf 73' lang='grc' dir='ltr'><em>ἰσχυρῶς</em></span> <span class='ocrx_word' id='word_1_212' title='bbox 1170 2084 1378 2140; x_wconf 76' lang='grc' dir='ltr'><em>ἀγάμενος</em></span> <span class='ocrx_word' id='word_1_213' title='bbox 1409 2082 1540 2138; x_wconf 69' lang='grc' dir='ltr'><em>ἐμαυ-</em></span> 
     </span>
     <span class='ocr_line' id='line_1_27' title="bbox 59 2153 1543 2214; baseline -0.002 -15"><span class='ocrx_word' id='word_1_214' title='bbox 59 2158 131 2200; x_wconf 68' lang='grc' dir='ltr'>τόν</span> <span class='ocrx_word' id='word_1_215' title='bbox 161 2162 206 2213; x_wconf 59' lang='grc' dir='ltr'>(ἕ</span> <span class='ocrx_word' id='word_1_216' title='bbox 230 2163 282 2209; x_wconf 80' lang='lat'>5),</span> <span class='ocrx_word' id='word_1_217' title='bbox 315 2173 598 2210; x_wconf 73' lang='lat' dir='ltr'>supervacanea</span> <span class='ocrx_word' id='word_1_218' title='bbox 624 2174 702 2199; x_wconf 88' lang='grc'><em>6336</em></span> <span class='ocrx_word' id='word_1_219' title='bbox 723 2161 834 2199; x_wconf 78' lang='lat' dir='ltr'>verba</span> <span class='ocrx_word' id='word_1_220' title='bbox 865 2157 889 2214; x_wconf 75' lang='grc' dir='ltr'>ἢ</span> <span class='ocrx_word' id='word_1_221' title='bbox 912 2156 959 2198; x_wconf 77' lang='grc' dir='ltr'>ἐκ</span> <span class='ocrx_word' id='word_1_222' title='bbox 981 2163 1056 2198; x_wconf 78' lang='grc' dir='ltr'>τοῦ</span> <span class='ocrx_word' id='word_1_223' title='bbox 1077 2156 1202 2211; x_wconf 83' lang='grc' dir='ltr'><em>λόγου</em></span> <span class='ocrx_word' id='word_1_224' title='bbox 1235 2189 1242 2197; x_wconf 97' lang='grc'><em>.</em></span> <span class='ocrx_word' id='word_1_225' title='bbox 1267 2191 1273 2197; x_wconf 92' lang='grc'><strong>.</strong></span> <span class='ocrx_word' id='word_1_226' title='bbox 1298 2189 1305 2196; x_wconf 95' lang='grc'><strong>.</strong></span> <span class='ocrx_word' id='word_1_227' title='bbox 1339 2153 1543 2205; x_wconf 74' lang='grc' dir='ltr'><em>εἰπόντας</em></span> 
     </span>
     <span class='ocr_line' id='line_1_28' title="bbox 67 2227 1543 2283; baseline -0.002 -14"><span class='ocrx_word' id='word_1_228' title='bbox 67 2232 110 2283; x_wconf 79' lang='lat'>(§</span> <span class='ocrx_word' id='word_1_229' title='bbox 133 2234 188 2280; x_wconf 77' lang='lat'>4),</span> <span class='ocrx_word' id='word_1_230' title='bbox 220 2231 448 2270; x_wconf 75' lang='lat' dir='ltr'>vocabulum</span> <span class='ocrx_word' id='word_1_231' title='bbox 480 2227 546 2269; x_wconf 78' lang='grc' dir='ltr'>ἀεὶ</span> <span class='ocrx_word' id='word_1_232' title='bbox 579 2231 893 2269; x_wconf 71' lang='lat' dir='ltr'>Memorabilium</span> <span class='ocrx_word' id='word_1_233' title='bbox 924 2231 1050 2279; x_wconf 76' lang='lat' dir='ltr'>inepte</span> <span class='ocrx_word' id='word_1_234' title='bbox 1082 2234 1195 2279; x_wconf 76' lang='lat' dir='ltr'>atque</span> <span class='ocrx_word' id='word_1_235' title='bbox 1225 2230 1316 2267; x_wconf 90' lang='lat' dir='ltr'>adeo</span> <span class='ocrx_word' id='word_1_236' title='bbox 1338 2230 1477 2267; x_wconf 72' lang='lat' dir='ltr'>insane</span> <span class='ocrx_word' id='word_1_237' title='bbox 1497 2230 1543 2266; x_wconf 78' lang='lat' dir='ltr'>in</span> 
     </span>
     <span class='ocr_line' id='line_1_29' title="bbox 59 2300 1542 2353; baseline -0.002 -13"><span class='ocrx_word' id='word_1_238' title='bbox 59 2302 250 2351; x_wconf 67' lang='lat' dir='ltr'>Apoloyz&#39;a</span> <span class='ocrx_word' id='word_1_239' title='bbox 270 2302 378 2339; x_wconf 78' lang='lat' dir='ltr'>reddi</span> <span class='ocrx_word' id='word_1_240' title='bbox 407 2300 451 2353; x_wconf 59' lang='grc' dir='ltr'>(ἕ</span> <span class='ocrx_word' id='word_1_241' title='bbox 475 2300 573 2353; x_wconf 75' lang='grc'><strong><em>26),·</em></strong></span> <span class='ocrx_word' id='word_1_242' title='bbox 608 2315 707 2351; x_wconf 90' lang='lat' dir='ltr'>quae</span> <span class='ocrx_word' id='word_1_243' title='bbox 739 2306 879 2340; x_wconf 84' lang='lat' dir='ltr'>cuncta</span> <span class='ocrx_word' id='word_1_244' title='bbox 910 2302 985 2339; x_wconf 91' lang='lat' dir='ltr'>iam</span> <span class='ocrx_word' id='word_1_245' title='bbox 1018 2314 1040 2338; x_wconf 84' lang='lat' dir='ltr'>a</span> <span class='ocrx_word' id='word_1_246' title='bbox 1063 2301 1268 2350; x_wconf 82' lang='lat' dir='ltr'>Caspersio</span> <span class='ocrx_word' id='word_1_247' title='bbox 1290 2300 1439 2350; x_wconf 89' lang='lat' dir='ltr'>prolata</span> <span class='ocrx_word' id='word_1_248' title='bbox 1472 2312 1542 2337; x_wconf 89' lang='lat' dir='ltr'>suo</span> 
     </span>
     <span class='ocr_line' id='line_1_30' title="bbox 61 2371 514 2422; baseline -0.002 -12"><span class='ocrx_word' id='word_1_249' title='bbox 61 2373 145 2410; x_wconf 85' lang='lat' dir='ltr'>loco</span> <span class='ocrx_word' id='word_1_250' title='bbox 177 2372 347 2410; x_wconf 87' lang='lat' dir='ltr'>iudicata</span> <span class='ocrx_word' id='word_1_251' title='bbox 378 2371 514 2422; x_wconf 85' lang='lat' dir='ltr'>sunt.4)</span> 
     </span>
    </p>
   </div>
   <div class='ocr_carea' id='block_1_4' title="bbox 60 2519 1544 2975">
    <p class='ocr_par' dir='ltr' id='par_1_4' title="bbox 61 2519 1543 2623">
     <span class='ocr_line' id='line_1_31' title="bbox 181 2519 1543 2566; baseline -0.001 -12"><span class='ocrx_word' id='word_1_252' title='bbox 181 2522 212 2566; x_wconf 88' lang='lat'>1)</span> <span class='ocrx_word' id='word_1_253' title='bbox 239 2521 376 2565; x_wconf 85' lang='lat' dir='ltr'>Reapse</span> <span class='ocrx_word' id='word_1_254' title='bbox 403 2532 444 2556; x_wconf 88' lang='lat' dir='ltr'>ea</span> <span class='ocrx_word' id='word_1_255' title='bbox 469 2523 578 2565; x_wconf 85' lang='lat' dir='ltr'>certe,</span> <span class='ocrx_word' id='word_1_256' title='bbox 606 2532 695 2565; x_wconf 88' lang='lat' dir='ltr'>quae</span> <span class='ocrx_word' id='word_1_257' title='bbox 722 2520 882 2565; x_wconf 82' lang='lat' dir='ltr'>proxima</span> <span class='ocrx_word' id='word_1_258' title='bbox 899 2522 1108 2564; x_wconf 75' lang='lat' dir='ltr'>sequuntur,</span> <span class='ocrx_word' id='word_1_259' title='bbox 1137 2520 1414 2554; x_wconf 84' lang='lat' dir='ltr'>consideratione</span> <span class='ocrx_word' id='word_1_260' title='bbox 1431 2519 1543 2553; x_wconf 88' lang='lat' dir='ltr'>multo</span> 
     </span>
     <span class='ocr_line' id='line_1_32' title="bbox 61 2580 334 2623; baseline -0.004 -9"><span class='ocrx_word' id='word_1_261' title='bbox 61 2580 216 2623; x_wconf 78' lang='lat' dir='ltr'>digniora</span> <span class='ocrx_word' id='word_1_262' title='bbox 241 2583 334 2614; x_wconf 86' lang='lat' dir='ltr'>sunt.</span> 
     </span>
    </p>

    <p class='ocr_par' dir='ltr' id='par_1_5' title="bbox 177 2637 1071 2682">
     <span class='ocr_line' id='line_1_33' title="bbox 177 2637 1071 2682; baseline -0.001 -11"><span class='ocrx_word' id='word_1_263' title='bbox 177 2638 213 2681; x_wconf 83' lang='lat'>2)</span> <span class='ocrx_word' id='word_1_264' title='bbox 241 2639 397 2682; x_wconf 83' lang='lat' dir='ltr'>Excepto</span> <span class='ocrx_word' id='word_1_265' title='bbox 422 2649 509 2679; x_wconf 77' lang='lat' dir='ltr'>uno,</span> <span class='ocrx_word' id='word_1_266' title='bbox 537 2639 579 2672; x_wconf 91' lang='lat' dir='ltr'>de</span> <span class='ocrx_word' id='word_1_267' title='bbox 606 2649 674 2682; x_wconf 86' lang='lat' dir='ltr'>quo</span> <span class='ocrx_word' id='word_1_268' title='bbox 700 2638 792 2672; x_wconf 84' lang='lat' dir='ltr'>infra</span> <span class='ocrx_word' id='word_1_269' title='bbox 818 2637 898 2681; x_wconf 77' lang='lat'>§10</span> <span class='ocrx_word' id='word_1_270' title='bbox 924 2637 1071 2671; x_wconf 84' lang='lat' dir='ltr'>dicetur.</span> 
     </span>
    </p>

    <p class='ocr_par' dir='ltr' id='par_1_6' title="bbox 177 2695 1466 2741">
     <span class='ocr_line' id='line_1_34' title="bbox 177 2695 1466 2741; baseline -0.002 -11"><span class='ocrx_word' id='word_1_271' title='bbox 177 2697 212 2737; x_wconf 85' lang='lat'>3)</span> <span class='ocrx_word' id='word_1_272' title='bbox 239 2696 463 2741; x_wconf 86' lang='lat' dir='ltr'>Quamquam</span> <span class='ocrx_word' id='word_1_273' title='bbox 488 2697 687 2731; x_wconf 89' lang='lat' dir='ltr'>distinctius</span> <span class='ocrx_word' id='word_1_274' title='bbox 714 2695 961 2740; x_wconf 86' lang='lat' dir='ltr'>efficaciusque</span> <span class='ocrx_word' id='word_1_275' title='bbox 988 2706 1062 2729; x_wconf 85' lang='lat' dir='ltr'>rem</span> <span class='ocrx_word' id='word_1_276' title='bbox 1088 2695 1302 2729; x_wconf 82' lang='lat' dir='ltr'>Schmitzius</span> <span class='ocrx_word' id='word_1_277' title='bbox 1329 2696 1466 2729; x_wconf 84' lang='lat' dir='ltr'>tractat.</span> 
     </span>
    </p>

    <p class='ocr_par' dir='ltr' id='par_1_7' title="bbox 60 2753 1544 2975">
     <span class='ocr_line' id='line_1_35' title="bbox 177 2753 1540 2800; baseline -0.001 -12"><span class='ocrx_word' id='word_1_278' title='bbox 177 2756 213 2799; x_wconf 86' lang='lat'>4)</span> <span class='ocrx_word' id='word_1_279' title='bbox 240 2756 294 2790; x_wconf 86' lang='lat' dir='ltr'>Ad</span> <span class='ocrx_word' id='word_1_280' title='bbox 321 2766 408 2800; x_wconf 86' lang='lat' dir='ltr'>quae</span> <span class='ocrx_word' id='word_1_281' title='bbox 434 2755 470 2788; x_wconf 92' lang='lat' dir='ltr'>in</span> <span class='ocrx_word' id='word_1_282' title='bbox 497 2755 800 2789; x_wconf 86' lang='lat' dir='ltr'>commentationis</span> <span class='ocrx_word' id='word_1_283' title='bbox 825 2754 1015 2788; x_wconf 86' lang='lat' dir='ltr'>Pohlianae</span> <span class='ocrx_word' id='word_1_284' title='bbox 1042 2764 1190 2787; x_wconf 84' lang='lat' dir='ltr'>censura</span> <span class='ocrx_word' id='word_1_285' title='bbox 1221 2753 1312 2795; x_wconf 72' lang='lat' dir='ltr'>(Jen.</span> <span class='ocrx_word' id='word_1_286' title='bbox 1331 2753 1540 2787; x_wconf 75' lang='lat' dir='ltr'>Litt-Zeit.</span> 
     </span>
     <span class='ocr_line' id='line_1_36' title="bbox 62 2812 1540 2858; baseline -0.002 -11"><span class='ocrx_word' id='word_1_287' title='bbox 62 2814 164 2853; x_wconf 75' lang='lat'>1874,</span> <span class='ocrx_word' id='word_1_288' title='bbox 192 2825 223 2858; x_wconf 91' lang='lat' dir='ltr'>p.</span> <span class='ocrx_word' id='word_1_289' title='bbox 240 2813 440 2855; x_wconf 75' lang='lat'>579—581)</span> <span class='ocrx_word' id='word_1_290' title='bbox 467 2814 564 2848; x_wconf 89' lang='lat' dir='ltr'>addit</span> <span class='ocrx_word' id='word_1_291' title='bbox 584 2825 653 2857; x_wconf 78' lang='lat' dir='ltr'>per</span> <span class='ocrx_word' id='word_1_292' title='bbox 677 2814 850 2847; x_wconf 74' lang='lat' dir='ltr'>mendam</span> <span class='ocrx_word' id='word_1_293' title='bbox 877 2813 955 2846; x_wconf 86' lang='lat' dir='ltr'>diei</span> <span class='ocrx_word' id='word_1_294' title='bbox 979 2814 1010 2846; x_wconf 78' lang='grc' dir='ltr'>εἰ</span> <span class='ocrx_word' id='word_1_295' title='bbox 1036 2813 1104 2857; x_wconf 81' lang='grc' dir='ltr'>γὰρ</span> <span class='ocrx_word' id='word_1_296' title='bbox 1130 2818 1239 2845; x_wconf 82' lang='grc' dir='ltr'><em>τοῦτο</em></span> <span class='ocrx_word' id='word_1_297' title='bbox 1267 2812 1540 2857; x_wconf 75' lang='grc' dir='ltr'>διεπραξάμην;</span> 
     </span>
     <span class='ocr_line' id='line_1_37' title="bbox 60 2870 1544 2916; baseline -0.001 -10"><span class='ocrx_word' id='word_1_298' title='bbox 60 2884 149 2906; x_wconf 69' lang='lat' dir='ltr'>ozam</span> <span class='ocrx_word' id='word_1_299' title='bbox 173 2872 336 2916; x_wconf 84' lang='lat' dir='ltr'>sormam</span> <span class='ocrx_word' id='word_1_300' title='bbox 362 2873 536 2906; x_wconf 81' lang='lat' dir='ltr'>irrealem</span> <span class='ocrx_word' id='word_1_301' title='bbox 561 2873 609 2906; x_wconf 90' lang='lat' dir='ltr'>ad</span> <span class='ocrx_word' id='word_1_302' title='bbox 635 2875 776 2916; x_wconf 78' lang='lat' dir='ltr'>tempas</span> <span class='ocrx_word' id='word_1_303' title='bbox 790 2871 1038 2916; x_wconf 76' lang='lat' dir='ltr'>praeteritum</span> <span class='ocrx_word' id='word_1_304' title='bbox 1056 2873 1277 2915; x_wconf 71' lang='lat' dir='ltr'>spectantem</span> <span class='ocrx_word' id='word_1_305' title='bbox 1295 2870 1356 2905; x_wconf 77' lang='lat' dir='ltr'>liic</span> <span class='ocrx_word' id='word_1_306' title='bbox 1374 2870 1544 2904; x_wconf 75' lang='lat' dir='ltr'>adhiberi</span> 
     </span>
     <span class='ocr_line' id='line_1_38' title="bbox 61 2929 1211 2975; baseline -0.001 -11"><span class='ocrx_word' id='word_1_307' title='bbox 61 2942 135 2964; x_wconf 77' lang='lat' dir='ltr'>non</span> <span class='ocrx_word' id='word_1_308' title='bbox 155 2931 320 2975; x_wconf 78' lang='lat' dir='ltr'>potuisse</span> <span class='ocrx_word' id='word_1_309' title='bbox 345 2931 428 2965; x_wconf 74' lang='lat' dir='ltr'>nisi</span> <span class='ocrx_word' id='word_1_310' title='bbox 452 2943 475 2965; x_wconf 90' lang='lat' dir='ltr'>a</span> <span class='ocrx_word' id='word_1_311' title='bbox 502 2931 748 2965; x_wconf 75' lang='lat' dir='ltr'>condemnato.</span> <span class='ocrx_word' id='word_1_312' title='bbox 791 2930 860 2965; x_wconf 84' lang='lat' dir='ltr'>Sed</span> <span class='ocrx_word' id='word_1_313' title='bbox 887 2941 973 2965; x_wconf 86' lang='lat' dir='ltr'>cave</span> <span class='ocrx_word' id='word_1_314' title='bbox 999 2929 1211 2964; x_wconf 87' lang='lat' dir='ltr'>assentiaris.</span> 
     </span>
    </p>
   </div>
  </div>
 </body>
</html>
