1820 3340
241 193 320 231 136

237 310 301 347 (les
336 309 515 348 Sokrates
546 311 669 348 Lelzre
707 311 843 357 lceuut,
890 311 1055 349 deutlich
1089 324 1217 360 yenztss
1251 312 1467 361 yezeiehuet
1508 312 1593 351 und
1629 312 1704 352 doc,
1735 352 1743 357 ,

240 380 375 418 wieder
405 394 468 428 so,
501 382 592 419 dass
623 382 698 418 wir
729 381 858 419 keines
890 381 955 419 cler
993 381 1143 419 Gliecler
1164 382 1365 421 euthehren
1386 383 1565 421 konnen)
1616 382 1742 431 Quae·

237 463 353 500 quam
385 451 557 500 captiose
591 451 860 500 disputentur,
892 451 998 489 haud
1030 452 1193 490 difficile
1224 456 1285 491 est
1315 457 1544 503 perspectu3
1577 465 1667 492 nam
1689 454 1722 492 si

236 522 394 560 virtutis
431 526 585 559 tantuin
622 521 919 571 honestatisque
957 522 1111 560 nomine
1151 522 1220 560 illa
1259 527 1538 562 enumerantur
1575 524 1722 562 omnia:

237 603 306 629 our
338 592 482 629 mentio
514 591 672 629 virtutis
704 592 830 641 ipsius
861 595 978 641 atque
1010 592 1226 631 honestatis
1258 593 1367 631 nulla
1398 594 1554 632 omnino
1587 594 1654 632 fit?
1685 598 1724 632 et

237 674 327 699 oum
358 661 598 711 reliquorum
630 663 910 710 membrorum,
950 663 1143 712 quomodo
1174 663 1337 701 Pohlius
1374 664 1562 712 intendit,
1600 665 1723 702 careri

238 732 343 770 nullo
375 732 516 781 possit:
551 732 619 781 qui
651 732 809 770 tandem
842 732 1073 781 gravissimo
1113 733 1286 771 omnium
1317 737 1434 784 atque
1471 746 1549 772 uno
1580 735 1724 784 prinoi-

237 801 381 853 pali‘?1)
445 802 682 852 Ceteroquin
713 803 920 840 verborum
958 803 1076 841 nimis
1108 816 1268 852 paroum
1301 816 1388 843 esse
1426 808 1622 843 auctorem
1655 817 1723 843 ex-

237 873 353 911 tremi
375 873 689 911 Memorabilium
717 873 857 922 oapitis
879 885 994 911 nemo
1017 874 1191 923 profecto
1213 875 1472 913 contenderit:
1506 887 1582 925 quo
1604 875 1725 924 igitur

237 946 350 992 paeto
383 944 550 981 eundem
581 955 625 981 eo
656 944 743 993 ipso
773 944 874 992 loeo,
907 944 973 981 ubi
1006 948 1050 981 ut
1077 945 1193 994 plane
1214 948 1398 995 reeteque
1419 945 1725 994 intellegeretur,

238 1014 454 1052 curandum
485 1014 522 1052 ei
555 1014 822 1064 maximopere
855 1017 955 1062 erat,
995 1015 1152 1052 brevem
1185 1027 1273 1053 esse
1305 1016 1402 1054 adeo
1435 1016 1649 1065 laborasse,
1680 1019 1725 1055 ut

238 1096 398 1134 prorsus
441 1085 552 1123 fieret
583 1086 792 1133 obscurus,
825 1085 1052 1124 existimare
1084 1086 1226 1124 liceat?
1285 1086 1387 1124 Nam
1419 1099 1549 1137 nemo,
1581 1087 1725 1136 hercle,

237 1154 307 1193 illa
347 1155 572 1205 quicunque
609 1156 763 1204 integer
800 1155 1027 1204 perlegerit,
1064 1156 1106 1193 in
1143 1168 1229 1194 eam
1266 1157 1511 1195 voluntatem
1547 1157 1725 1207 accipiet,

239 1238 357 1275 quam
387 1223 554 1264 Pohlius
592 1225 650 1263 eis
682 1226 842 1274 ingerit,
883 1226 949 1263 sed
989 1239 1079 1264 oum
1117 1226 1353 1265 Selineidero
1391 1227 1536 1266 sentiet
1571 1227 1622 1265 ad
1658 1227 1728 1266 illa

240 1297 334 1334 haec
365 1299 542 1334 notante:
589 1296 657 1334 ‘Ut
694 1299 781 1334 ante
812 1291 982 1348 βέλτιον
1013 1291 1270 1348 βεβιωκέναι
1308 1310 1346 1335 se
1384 1298 1492 1345 dicit,
1538 1298 1726 1347 quoniam

241 1367 283 1404 iu
314 1366 395 1404 clies
426 1367 625 1405 meliorem
656 1379 696 1404 se
716 1367 805 1415 sieri
826 1367 1010 1405 sentiebat
1031 1368 1113 1416 ipse
1135 1380 1365 1417 comparans
1386 1380 1465 1406 sese
1486 1380 1576 1406 eum
1596 1368 1727 1406 ceteris

239 1437 489 1484 lzomiuibus,·
520 1437 578 1475 ita
609 1449 716 1475 nune
734 1436 874 1488 χεῖρον
896 1433 967 1491 ζῆν
988 1438 1131 1475 (licitur
1150 1439 1230 1488 ille,
1264 1439 1334 1488 qui
1354 1439 1577 1477 deteriorem
1597 1439 1727 1477 ceteris

239 1507 465 1546 homiuibus
496 1520 535 1545 se
565 1507 655 1556 fieri
684 1507 729 1546 in
762 1508 842 1546 dies
873 1509 988 1546 sentit
995 1522 1011 1556 ;
1049 1509 1206 1558 ideoque
1237 1513 1280 1546 ut
1316 1509 1380 1547 ille
1418 1522 1461 1547 ex
1492 1510 1726 1547 incremento

242 1578 396 1615 virtutis
427 1590 520 1616 suae
551 1590 752 1616 summam
783 1578 1036 1628 voluptatem,
1070 1579 1125 1616 ita
1156 1579 1220 1618 hie
1251 1591 1296 1617 ew
1316 1579 1543 1618 detrimento
1563 1579 1726 1627 virium,

239 1660 430 1686 sensuum
473 1649 697 1698 iuqeuiique
748 1652 780 1687 et
824 1649 953 1687 auimi
994 1649 1230 1699 facultatum
1278 1662 1480 1688 summam
1524 1650 1727 1688 tristitiam

233 1719 423 1768 percipit)

358 1789 511 1828 Deinde
543 1790 706 1828 Pohlius
738 1790 974 1839 colloquium
1006 1791 1105 1829 illucl
1135 1795 1168 1829 et
1199 1804 1288 1829 cum
1310 1791 1426 1829 initio
1458 1795 1602 1829 etcum
1623 1792 1728 1830 emitu

240 1860 378 1909 eapitis
409 1864 490 1898 arte
520 1860 719 1898 cohaerere
750 1861 919 1899 ostendit
956 1860 1007 1911 (p.
1035 1860 1243 1913 12—15);
1282 1865 1400 1912 atque
1437 1865 1532 1900 tuno
1568 1862 1728 1900 demum

240 1934 540 1969 commemorata
553 1931 767 1980 Apologiae
789 1931 1047 1969 similitudine
1070 1932 1119 1970 de
1140 1933 1405 1971 controversia
1425 1932 1519 1970 inde
1540 1936 1728 1971 nascente

242 1998 297 2053 (p.
323 2000 524 2052 15—21)
556 2002 839 2052 doctorumque
871 2001 921 2041 de
953 2014 998 2041 ea
1030 2003 1236 2041 sententiis
1269 2002 1320 2053 (p.
1346 2003 1534 2054 21—24)
1565 2003 1729 2053 exponit

241 2075 279 2110 et
311 2084 387 2121 qua
407 2072 558 2110 ratione
579 2072 665 2122 ipse
686 2076 1032 2122 argumentatur-us
1054 2073 1122 2122 sit,
1153 2073 1302 2112 indicat
1322 2073 1532 2124 propositis
1553 2073 1728 2124 quinque

241 2142 418 2180 thesibus
450 2142 638 2192 deinceps
669 2143 946 2181 confirmandis
977 2143 1105 2181 hisee:

423 2215 472 2261 ‘JJ
517 2213 598 2251 Dei·
648 2213 940 2262 &aspir-achsam
983 2214 1048 2251 cler
1085 2213 1272 2263 Apoloyie
1310 2212 1398 2266 (Ap.
1423 2211 1580 2265 2—11)
1628 2214 1730 2263 zeiyt

300 2283 423 2321 solche
454 2284 627 2332 Manyel,
666 2284 757 2321 class
794 2283 858 2321 der
898 2284 1096 2333 Verfasser
1128 2284 1193 2322 der
1229 2284 1432 2333 Apoloyie,
1465 2284 1558 2334 falls
1589 2296 1629 2322 er
1659 2284 1729 2323 das

308 2353 502 2403 Gesprach
533 2353 660 2391 eiuem
691 2354 1079 2403 ‚Xenopltonteisclten
1115 2355 1147 2392 T
1142 2358 1220 2392 exte
1258 2355 1462 2402 entualim,
1503 2355 1632 2393 diesen
1669 2355 1727 2393 be-

301 2424 465 2461 cleuteml
493 2425 739 2462 veritustaltet
770 2425 893 2463 haben
924 2437 1047 2463 vmuss.

363 2574 397 2617 1)
423 2573 517 2608 Nam
543 2573 659 2608 verbis
685 2576 746 2607 καὶ
772 2569 822 2607 ὧν
853 2574 1032 2619 πρότερον
1056 2576 1204 2617 βελτίων
1234 2573 1289 2618 ἦν,
1322 2575 1461 2608 τούτων
1485 2576 1618 2620 χείρων
1647 2575 1726 2617 γίγ-

242 2634 373 2666 νεσθαι
399 2631 567 2667 moralem
594 2633 805 2667 sententiam
838 2643 858 2668 a
888 2633 1011 2667 Pohlio
1043 2633 1170 2668 iniuria
1201 2633 1304 2668 subdi
1335 2634 1446 2677 patet3
1483 2633 1589 2666 immo
1622 2631 1727 2666 etiam

244 2690 358 2725 minus
384 2701 426 2725 ea
456 2691 504 2725 ita
534 2690 690 2736 intellegi
722 2694 872 2735 possunt
909 2702 1013 2736 quam
1046 2693 1138 2736 quod
1175 2692 1210 2725 in
1242 2690 1412 2736 Apologia
1443 2692 1497 2725 est
1527 2689 1727 2725 absolutum

237 2751 348 2795 χείρω
374 2752 571 2794 γίγνεσθαι
598 2751 659 2794 (so.
687 2761 791 2795 quam
816 2750 892 2794 ipse
918 2752 1021 2785 antea
1038 2751 1182 2793 fueram:
1209 2750 1243 2784 id
1262 2751 1352 2794 quod
1369 2748 1514 2784 Pohlius
1530 2748 1606 2793 ipse
1624 2750 1728 2783 testa-

243 2817 301 2842 tur
326 2819 406 2842 cum
432 2808 509 2843 loco
534 2809 637 2843 modo
651 2808 790 2844 laudato
818 2809 908 2853 (‘clie
927 2809 1081 2844 Genesis
1106 2809 1167 2843 des
1178 2811 1290 2854 χείρω
1307 2810 1502 2852 γίγνεσθαι
1519 2807 1575 2842 im
1592 2806 1726 2850 Alter')

244 2876 306 2910 pro
332 2866 613 2902 Memorabilium
638 2867 756 2902 verbis
782 2867 973 2912 Apologiae
997 2867 1213 2902 locutionem
1239 2866 1328 2901 clam
1354 2866 1544 2901 substituit.
