1820 3340
239 239 293 276 42

238 355 353 393 Mem.
386 358 583 394 auctorem
616 368 638 393 a
670 356 831 394 Platone
870 356 936 394 illa
975 356 1193 406 sumpsisse
1231 357 1463 396 arbitramur
1506 358 1588 397 sive
1631 370 1726 397 non:

237 426 277 463 id
315 430 467 464 tantum
506 430 710 465 teneamus
754 427 894 465 adesse
931 439 977 465 oa
1020 428 1062 464 in
1100 427 1227 477 Mem,
1272 428 1410 467 deesse
1449 429 1489 466 in
1527 428 1727 478 Apologia.

236 496 323 534 ι111111
355 497 461 535 enim
492 497 657 534 duarum
690 498 973 535 sententiarum
1010 498 1134 536 altera
1171 498 1353 547 eligenda
1390 499 1502 537 nobis
1540 502 1617 536 est:
1662 502 1729 537 aut

236 567 467 616 Apologiam
499 568 610 617 prius
643 567 903 617 conscriptam
936 572 1128 617 ponentes
1150 572 1283 618 postea
1314 569 1382 607 illa
1412 582 1435 607 a
1455 569 1726 619 Xenophonte,

236 650 326 675 cum
348 638 616 676 Memorabilia
637 642 903 688 componeret,
936 638 1069 676 addita
1091 650 1179 677 esse
1200 639 1490 688 existimemus,
1521 643 1590 678 aut
1610 640 1726 679 Mem.

236 709 365 757 priora
396 709 585 747 habentes
617 710 663 747 ab
695 709 909 758 Apologiae
946 713 1102 747 auctore
1141 721 1191 747 ex
1228 710 1408 760 exemplo
1447 722 1517 749 suo
1554 711 1622 749 illa
1659 723 1728 749 ex—

237 782 342 817 secta
374 791 604 818 censeamus
636 791 798 818 necesse
831 783 900 818 est.
964 779 1136 827 Quarum
1159 781 1442 819 sententiarum
1465 782 1499 819 si
1521 781 1609 832 quis
1630 781 1726 821 alte-

235 861 317 887 ram
349 850 615 899 amplectitur,
648 862 692 888 eo
725 853 832 899 patet
863 851 1048 888 continuo
1080 862 1172 889 eum
1203 852 1377 901 detrudi,
1409 855 1454 889 ut
1484 852 1726 890 librariolum

235 920 423 970 aliquem,
456 933 545 959 cum
578 920 846 959 Memorabilia
878 921 1133 970 describeret,
1166 933 1422 972 quaecunque
1453 922 1629 960 Platonis
1659 922 1726 960 ad-

236 994 457 1040 monerent,
491 991 795 1040 diligentissime
828 992 1037 1030 sustulisse
1075 992 1215 1030 debeat
1253 993 1504 1031 contendere:
1550 1005 1649 1043 quae
1685 993 1726 1030 111

235 1062 392 1100 dumeta
423 1062 559 1111 ecquis
591 1062 750 1100 audebit
781 1064 1010 1111 correpere?
1071 1062 1196 1101 Immo
1218 1075 1310 1101 vero
1331 1063 1564 1102 contrariam
1596 1068 1725 1114 poste-

234 1132 347 1170 rioris
392 1132 530 1170 aetatis
569 1132 734 1181 scriptor
770 1133 874 1170 viam
914 1136 1075 1171 secutus
1114 1137 1220 1172 esset
1258 1134 1333 1173 nisi
1377 1134 1508 1172 fallor:
1554 1146 1599 1172 ea
1641 1134 1728 1184 ipsa

234 1215 333 1252 quae
364 1203 617 1253 Xenophonti
656 1216 746 1241 cum
778 1204 941 1242 Platone
972 1204 1194 1242 communia
1225 1209 1351 1252 erant,
1391 1204 1556 1242 minime
1592 1204 1726 1254 negle-

234 1274 361 1322 genda
392 1274 624 1312 censuisset.
687 1275 750 1312 An
780 1275 903 1312 ullam
925 1286 1100 1323 causam,
1133 1287 1203 1313 eur
1224 1275 1292 1312 illa
1313 1275 1564 1323 exstinxerit,
1598 1275 1726 1325 suspi-

234 1345 343 1382 cione
374 1345 595 1394 assequaris
633 1345 699 1383 vel
736 1345 1024 1383 audacissima?
1086 1345 1128 1384 Si
1165 1345 1312 1397 minus,
1357 1346 1524 1384 decedas
1569 1346 1618 1384 de
1654 1346 1726 1384 hac

234 1416 430 1453 sententia
461 1427 624 1454 necesse
656 1419 718 1454 est
749 1419 789 1454 et
819 1417 867 1453 ad
898 1417 1071 1465 priorem
1103 1416 1265 1454 accedas
1297 1428 1366 1466 per
1404 1428 1446 1455 se
1482 1416 1608 1466 ipsam
1646 1419 1724 1454 tam

232 1486 488 1536 probabilem,
522 1499 640 1536 quam
672 1487 741 1525 illa
772 1490 832 1525 est
862 1499 885 1524 a
915 1487 992 1524 fide
1025 1487 1222 1525 destituta.

352 1557 482 1595 Unum
505 1569 594 1595 vero
620 1560 729 1607 patet
759 1557 984 1595 adversario
1015 1558 1222 1606 refugium.
1275 1558 1474 1597 Recedere
1503 1557 1609 1595 0111111
1631 1557 1725 1595 licet

232 1627 281 1665 ad
312 1629 424 1678 Apol.
459 1628 482 1677 ξ
507 1629 559 1665 22
594 1631 781 1677 tanquam
812 1628 862 1665 ad
883 1631 1014 1666 tutum
1035 1628 1082 1666 ab
1105 1628 1442 1677 argumentatione
1464 1632 1596 1666 nostra
1616 1640 1725 1678 prae-

233 1699 394 1747 sidium,
427 1712 503 1749 quo
526 1700 702 1738 munitus
734 1699 809 1737 hoc
840 1700 921 1737 fere
943 1699 1057 1737 modo
1080 1711 1122 1737 se
1145 1699 1345 1738 defendat:
1379 1699 1539 1748 ‘inJ'uria
1561 1702 1605 1736 tu
1627 1699 1724 1737 dicis

231 1770 445 1818 Apologiae
477 1774 676 1809 auctorem
707 1770 811 1818 ideo,
845 1771 938 1820 quia
969 1782 1104 1817 causa,
1137 1782 1207 1808 cur
1238 1770 1314 1808 alia
1335 1782 1386 1808 ex
1407 1769 1724 1808 Memorabilibus

232 1840 467 1890 depromens
511 1841 587 1879 ista
631 1841 849 1879 omissurus
893 1840 1028 1888 fuerit,
1079 1840 1192 1878 nulla
1234 1841 1474 1889 inveniatur,
1523 1852 1574 1879 110
1617 1840 1724 1879 credi

231 1911 391 1960 quidem
435 1923 552 1961 posse
590 1911 857 1950 Memorabilia
894 1911 1180 1961 compilavisse.
1248 1911 1348 1949 Nam
1388 1911 1529 1949 fecisse
1567 1923 1609 1949 se
1645 1911 1723 1949 tale

231 1981 380 2031 aliquid
402 1982 489 2031 ipse
510 1982 673 2030 indicat,
707 1994 796 2020 cum
819 1982 1024 2032 profitetur
1045 1981 1068 2033 ἓ
1093 1983 1166 2020 22:
1201 1977 1291 2020 ἀλλ’
1325 1977 1407 2034 ἐγὼ
1431 1977 1479 2020 οὗ
1500 1979 1554 2020 τὰ
1575 1977 1723 2019 πάντα

231 2046 373 2091 εἰπεῖν
403 2050 457 2090 τὰ
490 2047 537 2091 ἐκ
568 2057 643 2106 τῆς
674 2047 797 2107 δίκης
818 2047 1077 2092 ἐσπούδασα.
1141 2052 1269 2100 Quare
1292 2064 1361 2090 cur
1382 2052 1424 2090 id
1455 2052 1601 2100 fecerit,
1624 2051 1723 2090 illud

231 2123 391 2173 quidem
422 2136 485 2162 me
517 2124 695 2172 ignorare
727 2125 929 2162 confiteor:
976 2124 1046 2162 sed
1089 2123 1129 2160 id
1174 2135 1224 2161 ne
1267 2135 1359 2161 01110
1397 2123 1556 2173 quidem
1595 2135 1723 2173 neque

230 2194 444 2244 quidquam
475 2195 549 2232 hoc
581 2195 628 2232 ad
661 2206 724 2232 me
751 2194 906 2242 attinet,
940 2206 1029 2232 nam
1063 2194 1158 2232 satis
1190 2197 1251 2231 est
1273 2194 1374 2232 scire
1406 2205 1506 2243 quae
1537 2206 1588 2231 ex
1621 2196 1640 2241 ἓ
1668 2194 1720 2231 22

231 2265 394 2303 scimus:
428 2265 542 2314 plura
563 2277 653 2303 eum
676 2265 878 2313 habuisse,
911 2265 980 2303 sed
1003 2267 1154 2314 partem
1186 2267 1337 2302 tantum
1358 2264 1553 2314 quandam
1576 2276 1721 2312 eorum,

230 2347 330 2385 quae
363 2335 496 2384 sciret,
529 2336 702 2374 voluisse
734 2336 911 2374 reddere.
973 2336 1060 2373 Jam
1092 2347 1185 2374 casu
1223 2335 1370 2374 factum
1402 2346 1508 2383 esse,
1545 2338 1591 2373 ut
1621 2335 1723 2373 inter

229 2417 290 2454 ea,
324 2418 423 2455 quae
454 2407 633 2444 consulto
664 2406 862 2456 praeteriit
894 2428 949 2433 —
982 2418 1072 2444 nam
1104 2406 1308 2455 praeteriit
1338 2405 1455 2444 etiam
1487 2405 1563 2443 alia
1587 2405 1720 2452 multa,

228 2476 338 2514 velut
370 2488 469 2526 quae
500 2477 549 2515 de
579 2477 757 2526 auguriis
788 2477 830 2514 in
863 2477 977 2515 Mem.
1011 2476 1195 2514 dicuntur
1229 2499 1301 2524 —,
1334 2476 1534 2514 Platonica
1566 2487 1721 2526 quoque

229 2546 297 2584 illa
328 2550 460 2585 essent
491 2559 561 2585 cur
593 2547 817 2586 dubitemus
850 2547 1048 2586 sumere‘?’

347 2617 448 2655 Ecce
480 2618 722 2667 praeclarum
754 2618 1048 2656 diverticulum!
1102 2619 1154 2655 At
1176 2629 1293 2667 quam
1314 2616 1559 2655 incommode
1579 2616 1721 2655 accidit

228 2687 334 2737 quod
364 2687 532 2726 fundula
564 2692 633 2727 est.
695 2688 784 2727 Non
815 2700 998 2738 quaeram
1031 2700 1101 2726 cur
1131 2691 1267 2726 auctor
1296 2687 1509 2738 Apologiae
1540 2687 1719 2737 repudia-

227 2761 312 2796 tum
356 2761 394 2797 et
430 2758 536 2808 apud
572 2759 774 2797 Platonem
813 2762 853 2797 et
883 2759 988 2808 apud
1018 2756 1319 2808 Xenophontem
1357 2757 1536 2807 magistri
1565 2769 1718 2806 nomen,

228 2828 277 2866 de
309 2841 386 2878 quo
418 2829 533 2867 tertio
565 2829 651 2868 1000
684 2841 802 2879 supra
834 2829 1027 2877 diximus,
1059 2840 1138 2866 non
1168 2828 1282 2866 modo
1313 2828 1431 2877 plane
1463 2827 1718 2877 praeterierit,

230 2898 298 2936 sed
329 2899 448 2937 etiam
479 2912 524 2938 ea
556 2900 678 2948 dicat,
710 2911 810 2949 quae
833 2911 923 2938 cum
945 2902 1114 2950 utroque
1137 2902 1325 2949 pugnent.
1388 2898 1467 2937 Sed
1487 2898 1587 2946 vide,
1619 2909 1718 2948 quae
