1820 3340
1509 272 1560 308 61

197 388 257 425 En
288 399 403 437 quam
436 388 534 425 bene
555 387 761 425 conveniat
782 387 982 425 nobiscum
1007 386 1324 434 Wilamowitzffl,
1357 398 1447 424 cum
1470 387 1565 425 dicit

79 458 167 509 (1.1.
193 456 354 508 102‚2):
389 458 505 506 „Jede
535 460 681 507 spatam
712 457 963 506 Darstellzmq
994 457 1146 505 steiyert
1179 456 1253 494 den
1275 456 1461 495 Helden.“
1514 459 1564 494 At

80 540 179 579 quae
210 531 313 566 recte
343 528 539 578 cognovit,
579 527 729 565 utinam
767 530 872 565 recte
910 527 966 565 eis
1004 527 1122 564 etiam
1160 528 1353 564 uteretur!
1416 527 1563 564 Audias

78 598 184 637 enim
221 609 319 647 quae
351 597 419 635 illa
449 598 694 635 antecedant:
734 598 820 647 „Es
850 597 957 634 sollte
987 597 1250 635 einleuchtend
1279 597 1382 643 seim
1421 597 1560 646 inquit⁷

79 669 170 706 dass
201 668 266 706 der
294 667 493 716 Verfccsser
523 667 582 705 die
613 668 832 716 eiyentliche
853 668 1025 716 Anklaye
1055 667 1208 705 deshalb
1229 679 1272 705 so
1295 667 1395 704 lourz
1415 667 1561 707 abthut.

78 738 166 776 weil
194 738 250 776 sie
280 738 326 775 in
356 738 428 775 den
459 741 584 775 ersten
612 738 795 787 Kapiteln
826 737 890 775 der
912 737 1222 783 Mamm-abinea,
1255 750 1309 774 cm
1340 737 1401 775 dio
1431 750 1471 775 er
1492 749 1563 774 an-

78 808 257 858 kndpfte,
289 808 415 846 semer
435 808 626 857 Meimmy
656 808 755 846 nach
785 806 985 856 ausgyiebiy
1005 810 1161 845 ero'rtert
1181 820 1274 845 war.
1326 808 1402 845 Die
1423 808 1562 857 Fraye,

78 879 122 916 ob
156 878 335 916 Sokrates
366 878 540 927 sehuldiy
576 891 659 916 war
695 878 785 916 oder
821 878 946 924 nieht,
990 890 1073 915 war
1109 878 1180 927 filo·
1210 878 1428 926 Xenophon
1467 878 1563 915 noch

77 949 178 998 offen
207 949 291 986 und
321 949 438 986 daher
458 949 519 986 die
540 949 808 998 Hauptsaehe:
839 948 910 997 fiir
930 948 1059 986 diesen
1083 948 1265 997 Spr‘c'tliny
1285 948 1337 985 ist
1357 948 1413 985 sie
1434 948 1562 997 liinyst

79 1019 248 1068 erlediyt,
287 1019 374 1057 aber
405 1020 495 1058 eben
526 1019 677 1056 deshalb
708 1019 893 1056 ersehemt
931 1018 1014 1055 ihm
1050 1018 1229 1056 Sokrates
1260 1018 1305 1055 in
1336 1018 1408 1056 den
1440 1019 1562 1056 bisbe-

76 1090 187 1138 ‘rz'yen
217 1089 517 1138 Darstellunyen
553 1089 658 1127 nieht
689 1089 852 1127 erhaben
886 1101 1027 1137 yona-q.
1090 1089 1177 1126 Jede
1213 1092 1360 1138 spatam
1390 1089 1563 1126 Darstel-

76 1160 174 1209 lto-ny
205 1160 355 1209 steiyert
387 1160 460 1197 den
480 1160 636 1197 Helde'n.
688 1159 769 1197 Der
798 1159 997 1208 Verfasser
1017 1160 1083 1196 des
1103 1159 1563 1208 ,Jolzaomesevanyeliums

77 1230 143 1268 hat
173 1231 267 1268 tIesu
297 1230 396 1268 auch
427 1230 487 1268 die
506 1223 792 1284 μεγαληγορία
812 1230 988 1278 stoeben,
1022 1229 1082 1267 die
1113 1229 1196 1267 ihm
1228 1229 1285 1267 bez·
1315 1230 1387 1267 den
1412 1229 1562 1279 Synop-

78 1301 202 1338 tilcern
232 1300 366 1349 fehltf‘
426 1300 473 1338 In
505 1301 648 1350 quibus
680 1299 879 1349 paulisper
909 1300 1124 1338 consistere
1154 1300 1347 1349 expediat.

196 1371 247 1408 Ut
284 1371 389 1408 enim
422 1370 747 1409 Wilamowitzius
790 1370 979 1420 loquitur,
1025 1370 1093 1407 vix
1136 1370 1272 1419 paucis
1315 1370 1444 1408 verbis
1482 1382 1562 1408 cre-

76 1441 190 1479 deres
221 1441 507 1479 accusationem
546 1441 776 1490 pcrstringi3
815 1452 951 1478 revera
981 1443 1102 1477 totam
1134 1441 1215 1478 fere
1247 1437 1412 1494 γραφὴν
1443 1452 1562 1478 mem-

77 1511 217 1550 bratim
248 1512 428 1549 videmus
471 1514 509 1549 et
553 1511 666 1549 modo
704 1511 872 1560 quodam
910 1514 1090 1548 accurato
1134 1522 1207 1548 nec
1252 1511 1334 1548 sine
1371 1511 1561 1559 gravitate

76 1585 360 1632 pertractatam.
424 1582 481 1619 Ac
519 1581 622 1619 sicut
665 1581 705 1618 in
742 1593 784 1618 re
822 1581 924 1630 ipsa,
969 1581 1085 1618 etiam
1122 1581 1163 1618 in
1201 1581 1439 1630 exploranda
1476 1581 1561 1619 eius

77 1664 195 1690 causa
224 1664 246 1689 a
277 1663 367 1689 vero
398 1652 575 1689 aberrare
609 1651 735 1689 virum
768 1663 967 1689 summum
989 1663 1146 1700 censeo3
1185 1663 1256 1689 cur
1291 1652 1395 1689 enim
1434 1651 1561 1700 copio-

77 1723 179 1761 siore
206 1722 404 1760 Socratem
435 1722 609 1760 oratione
641 1734 683 1759 se
705 1722 979 1760 defendentem
1012 1725 1147 1759 auctor
1178 1734 1253 1759 non
1288 1721 1440 1769 fecerit,
1473 1734 1563 1760 vera

76 1804 195 1831 causa
238 1805 284 1830 ea
320 1795 381 1830 est
419 1793 588 1830 maxime
620 1804 706 1830 meo
737 1792 898 1841 judicio,
943 1792 1047 1842 quod
1078 1793 1125 1829 ab
1157 1792 1269 1829 initio
1301 1804 1378 1830 non
1409 1796 1489 1829 tam
1520 1792 1561 1829 id

77 1863 233 1912 agebat,
255 1865 299 1900 ut
320 1875 396 1912 quo
417 1862 484 1900 ille
505 1863 635 1910 modo,
658 1875 773 1912 quam
794 1865 850 1910 ut,
873 1875 1038 1912 quanam
1063 1862 1111 1900 de
1133 1875 1248 1900 causa
1268 1863 1345 1900 isto
1366 1866 1445 1900 tam
1464 1863 1561 1899 miro

77 1933 190 1971 modo
233 1933 386 1971 locutus
430 1937 549 1980 esset,
594 1933 832 1982 ostenderet3
879 1933 972 1970 hinc
1009 1933 1166 1970 demum
1206 1933 1253 1970 ad
1292 1933 1560 1971 defensionem

76 2004 201 2054 ipsam
233 2004 499 2053 attingendam
531 2004 735 2053 delapsum
766 2016 855 2041 eum
888 2015 976 2041 esse
1014 2002 1245 2041 crediderim
1279 2004 1327 2041 ob
1360 2004 1399 2040 id
1430 2004 1560 2052 ipsum

76 2075 189 2124 quasi
227 2069 270 2112 ἓν
306 2069 507 2126 παρέργῳ
545 2077 759 2112 tractatam.
835 2073 1020 2112 Ceterum
1058 2078 1187 2111 utrum
1226 2074 1345 2111 fuerit
1382 2075 1422 2111 in
1460 2086 1561 2112 noxa

78 2145 255 2183 Socrates
286 2157 337 2182 an
368 2157 462 2193 non,
495 2145 764 2194 quaestionem
796 2144 1048 2193 Xenophonti
1079 2144 1147 2181 vix
1179 2144 1303 2182 visam
1331 2156 1419 2182 esse
1441 2145 1561 2193 majo—

76 2228 158 2253 rem
191 2228 307 2265 quam
339 2215 549 2265 Apologiae
581 2215 730 2253 auctori
757 2215 846 2253 inde
868 2218 992 2264 patet⁷
1025 2215 1128 2264 quod
1151 2215 1384 2264 quibusnam
1406 2215 1561 2253 indiciis

76 2286 396 2336 argumentisque
438 2286 499 2324 usi
538 2289 670 2323 essent
708 2286 789 2324 veri
825 2289 1072 2323 accusatores
1109 2285 1158 2323 ad
1190 2285 1345 2335 culpam
1378 2286 1463 2323 eius
1495 2286 1561 2323 dc-

67 2356 367 2413 monstrandam
399 2357 617 2405 percontari
640 2356 796 2394 omnino
818 2368 895 2393 non
918 2356 1032 2394 duxit
1053 2368 1190 2405 operae
1214 2356 1401 2405 pretium3
1435 2357 1561 2406 qualis

68 2414 207 2464 autem
240 2429 424 2476 patronus
456 2426 741 2464 existimandus
779 2430 839 2464 est
876 2427 943 2476 qui
976 2438 1024 2464 ne
1057 2426 1165 2464 novit
1202 2426 1361 2476 quidem
1399 2426 1561 2464 insimu-

77 2496 241 2534 lationes
280 2497 320 2533 in
351 2509 460 2534 reum
493 2497 686 2546 prolatas?
747 2497 899 2535 Deinde
929 2490 1240 2551 μεγαληγορίαν
1271 2497 1379 2534 iilam
1413 2497 1560 2535 Socrati

78 2579 156 2604 non
194 2568 241 2604 ab
272 2567 485 2616 Apologiae
522 2570 676 2605 auctore
714 2568 839 2616 primo
875 2567 1060 2605 tributam
1099 2579 1187 2605 esse
1224 2579 1274 2605 ex
1314 2568 1380 2615 §1
1422 2567 1562 2605 diluci-

78 2637 239 2675 dissime
270 2638 451 2687 emergit3
490 2638 608 2675 immo
640 2637 755 2675 etiam
788 2638 925 2675 miram
957 2641 1074 2687 atque
1110 2638 1382 2676 abhorrentem
1420 2639 1466 2675 ab
1503 2637 1561 2675 in-

78 2708 192 2757 genio
229 2708 302 2745 viri
340 2721 424 2746 eam
462 2708 588 2758 primo
625 2708 661 2746 ei
703 2708 827 2745 visam
865 2720 1060 2758 aegreque
1098 2711 1313 2745 ceterorum
1351 2708 1560 2745 consensui

78 2781 231 2816 tantum
261 2779 308 2816 ab
341 2791 386 2816 eo
418 2791 645 2817 concessum
678 2790 782 2826 esse,
813 2782 858 2816 ut
888 2779 981 2816 talia
1012 2778 1204 2825 crederet,
1236 2781 1412 2827 apparet3
1445 2782 1561 2827 atque

78 2848 331 2898 interpretem
361 2861 436 2887 non
469 2850 564 2887 satis
594 2861 765 2899 aequum
798 2861 839 2886 se
866 2849 1026 2898 praebet
1048 2847 1372 2885 Wilamowitzius
1394 2860 1483 2885 cum
1506 2849 1559 2886 ita

79 2919 260 2968 loquitur,
283 2920 393 2969 quasi
410 2930 489 2958 non
513 2916 616 2967 „nal
638 2915 799 2966 πάντες
815 2913 958 2968 ἔτυχον
974 2923 1047 2972 Υτῆς
1063 2912 1370 2972 μεγαληγορίας
1387 2915 1560 2966 adcon&
