1820 3340
1476 262 1528 300 25

49 371 210 430 ἀνάγκη
248 376 392 425 optime
431 379 611 426 ponatur,
649 376 795 426 quippe
832 388 908 426 qua
944 388 1038 415 voce
1076 376 1178 414 mala
1214 377 1284 415 illa
1321 379 1533 417 senectutis

47 446 179 485 divina
214 446 444 485 necessitate
481 447 524 484 in
560 459 691 485 rerum
729 449 866 485 natma
902 447 1029 496 posita
1067 447 1167 496 sive,
1206 451 1250 485 ut
1286 448 1425 496 nostri,
1462 448 1534 486 im-

47 516 299 555 mutabilibus
336 520 497 554 naturae
533 517 687 566 legibus
724 517 1096 567 inevitabilibusque
1133 517 1346 556 adductum
1383 518 1432 556 iri
1465 519 1533 557 de-

46 590 221 634 notetur,
254 587 321 624 illo
351 580 457 633 3ι’σως
487 587 586 625 haec
616 587 760 625 locutio
791 588 948 637 propria
980 600 1049 626 sua
1079 588 1120 625 vi
1150 588 1337 637 privatur.

163 657 266 695 Vide
298 657 459 705 deinde,
492 669 609 706 quam
640 659 738 696 bene
771 658 940 696 Socratis
971 658 1183 697 modestiae
1214 659 1455 698 consuluerit
1480 659 1532 708 M,

45 739 134 765 cum
185 727 295 776 Apol.
341 728 458 765 verba
512 723 779 779 7,εὖεργέτουν
828 724 876 766 δὲ
924 725 1022 775 τοὺς
1072 722 1168 778 ἐμοὶ
1212 724 1534 781 διαλεγομένους

44 796 209 849 προῖκα
253 793 470 835 διδάσκων
508 794 576 836 ὅτι
615 793 825 852 ἐδυνάμην
864 793 1061 849 οἷγαθόνιι
1095 798 1135 849 (ἓ
1160 798 1229 849 26)
1267 800 1534 848 compensavit

44 867 170 906 hisce:
205 898 225 918 „
233 861 427 919 βελτίους
458 863 505 906 δὲ
530 867 677 907 ποιεῖν
699 864 946 922 ἐπειρώμην
975 864 1042 907 ἀεὶ
1064 866 1163 916 τοὺς
1184 865 1280 919 ἐμοὶ
1302 866 1531 916 συνόνταςιι

43 937 82 989 (ξ
108 939 186 986 10).
228 938 290 976 Ad
322 939 395 976 hoc
427 939 484 977 sic
515 939 735 977 accuratius
766 939 952 977 definitur
982 940 1182 989 proprium
1215 939 1384 978 Socratis
1415 953 1534 989 nego-

45 1009 162 1056 tium,
201 1009 346 1058 quippe
386 1010 453 1059 qui
485 1022 560 1047 non
595 1010 739 1059 omnia,
779 1022 1035 1060 quaecunque
1073 1010 1185 1048 utilia
1216 1011 1446 1049 videbantur
1478 1034 1532 1039 -—

44 1079 145 1117 sicut
181 1079 494 1129 Xenophonteus
533 1080 728 1129 Socrates,
768 1081 815 1118 cf.
856 1080 1014 1119 Oecon.!
1048 1104 1122 1129 —,
1160 1081 1322 1119 iuvenes
1366 1081 1533 1130 doceret,

44 1149 116 1187 sed
149 1143 342 1202 βελτίους
373 1162 438 1188 eos
470 1151 634 1189 reddere
666 1151 852 1189 studeret.
899 1151 1042 1189 Confer
1072 1154 1201 1189 autem
1223 1164 1314 1190 cum
1336 1152 1532 1190 hocloco:

158 1221 269 1270 Apol.
309 1220 332 1272 ξ
363 1222 406 1259 5:
452 1217 591 1272 »ὅπερ
629 1218 706 1274 γὰρ
747 1217 920 1275 ἣδιστόν
957 1215 1090 1270 ἔστιν,
1135 1214 1254 1275 ᾔδειν
1291 1218 1421 1269 ὁσίως
1457 1234 1534 1272 μοι

43 1285 117 1328 καὶ
149 1285 329 1338 δικαίως
351 1289 525 1329 ἅπαντα
547 1290 622 1331 τὸν
646 1286 741 1342 Ιθίον
765 1288 1071 1342 βεβιωμένονζί,
1104 1293 1167 1332 0111
1188 1294 1398 1343 respondet
1418 1294 1532 1333 Mem.

45 1360 68 1411 ξ
94 1362 116 1400 6
141 1373 189 1399 s.:
227 1357 409 1413 „c'iqcow
441 1358 518 1412 μὲν
549 1359 627 1415 γὰρ
660 1353 783 1412 οἶμαι
816 1358 887 1416 ζῆν
918 1360 1017 1410 τοὺς
1046 1360 1237 1413 μάλιστα
1269 1357 1534 1414 ἐπιμελομέ-

42 1443 137 1478 νους
172 1435 248 1470 τοῦ
286 1429 343 1479 ὡς
377 1426 624 1482 βελτίστους
654 1427 898 1485 γίγνεσθαι,
938 1430 1091 1487 ἥδιστα
1131 1429 1178 1472 δὲ
1214 1432 1312 1481 τοὺς
1342 1431 1533 1485 μάλιστα

42 1495 398 1552 αἰσθανομένους,
444 1499 501 1550 ὡς
536 1497 729 1553 βελτίους
759 1497 985 1556 γίγνονται.
1037 1496 1102 1542 “A
1133 1500 1214 1557 ἐγὼ
1250 1500 1372 1558 μέχρι
1409 1502 1533 1544 τοῦδε

44 1575 119 1611 τοῦ
146 1568 293 1625 χρόνου
325 1567 577 1628 ᾐσθανόμην
609 1569 778 1626 ἐμαυτῷ
810 1568 1137 1625 συμρἀίνοντοιῆι
1181 1575 1319 1614 Nonne
1351 1576 1532 1626 quoniam

44 1643 87 1680 in
123 1643 237 1693 Apol.
277 1644 486 1682 cuiuslibet
523 1644 597 1682 viri
635 1645 723 1682 boni
763 1645 843 1683 vita
881 1645 1131 1695 exprimitur,
1169 1646 1209 1683 in
1247 1646 1362 1684 Mem.
1400 1651 1532 1685 autem

44 1725 107 1761 ea,
139 1726 238 1763 quae
270 1714 549 1764 philosophum
580 1716 707 1764 magis
739 1716 892 1763 deceat,
925 1716 1174 1765 describitur,
1206 1717 1265 1754 illi
1297 1717 1433 1755 limam
1465 1718 1531 1755 ad-

43 1786 187 1822 motam
225 1796 310 1823 esse
348 1785 551 1823 videmus?
616 1787 676 1823 An
708 1798 800 1824 vero
837 1799 1073 1836 quemquam
1111 1799 1161 1825 ex
1199 1787 1369 1826 Socratis
1407 1788 1532 1837 philo-

43 1855 252 1904 sophorum
295 1856 407 1904 quasi
452 1851 681 1910 ἀρχηγέτου
732 1868 909 1895 sermone
960 1857 1250 1907 philosophicas
1293 1858 1382 1897 illas
1426 1859 1529 1897 locu-

44 1925 168 1963 tiones
201 1925 417 1975 expulisse,
453 1938 678 1964 communes
704 1927 895 1976 tritasque
930 1940 1063 1966 earum
1094 1929 1135 1965 in
1165 1929 1296 1966 locum
1327 1929 1532 1967 induxisse

45 1995 382 2034 existimabimus?

161 2066 202 2105 Si
233 2069 364 2104 autem
394 2067 566 2104 nondum
598 2071 641 2105 ut
673 2068 908 2106 sententiam
939 2068 1010 2106 tibi
1042 2081 1167 2107 meam
1200 2070 1403 2119 probarem
1436 2069 1531 2107 mihi

44 2137 267 2185 contigerit,
304 2137 491 2187 inspicias
530 2137 563 2176 si
600 2137 732 2187 placet
769 2151 923 2177 mecum
956 2139 1070 2177 Mem.
1104 2139 1217 2190 glo.
1278 2139 1418 2178 Nonne
1456 2140 1532 2179 ista

45 2219 136 2246 sane
174 2209 353 2256 obscura,
396 2209 613 2258 implicata,
658 2209 826 2259 detorta;
872 2222 1001 2248 nonne
1041 2210 1134 2248 solis
1174 2211 1231 2249 eis
1275 2211 1531 2250 consideratis

43 2290 197 2328 parum,
231 2279 325 2328 quid
346 2279 403 2317 eis
424 2279 560 2327 facias,
594 2280 695 2317 scis?
746 2280 831 2317 Iam
854 2293 945 2318 vero
969 2282 1198 2331 Apologiam
1229 2282 1374 2320 auxilio
1406 2294 1533 2320 arces-

42 2359 194 2388 samus:
234 2349 441 2400 perspicua
478 2351 664 2388 continuo
696 2351 795 2388 fiunt
832 2352 979 2400 omnia3
1018 2352 1121 2390 clara
1158 2353 1229 2390 lux
1266 2353 1427 2391 affertur
1465 2354 1531 2391 ob-

44 2420 168 2458 scuris
188 2420 270 2458 illis
290 2417 570 2473 προγεγονόσι
593 2424 631 2459 et
653 2416 1012 2474 ἐπιγιγνομένοιςῑ
1036 2435 1135 2473 quae
1157 2423 1260 2461 enim
1282 2424 1322 2461 111
1344 2424 1532 2473 Apologia

43 2494 222 2529 concreto
264 2494 309 2529 ut
357 2491 492 2530 dicunt
541 2492 721 2541 exemplo
772 2492 1058 2542 significantur,
1108 2494 1291 2532 universe
1339 2495 1405 2533 1110
1455 2494 1533 2533 dici

45 2561 177 2599 statim
210 2561 497 2612 intellegimus3
530 2563 607 2601 dici
638 2566 769 2601 autem
802 2564 898 2601 satis
930 2564 1108 2613 ineptum
1144 2564 1186 2602 in
1222 2565 1398 2603 modum:
1443 2577 1531 2603 nam

46 2631 149 2681 quod
180 2632 245 2670 1110
277 2635 356 2670 tam
390 2632 575 2671 universe
606 2633 782 2683 ponitur,
815 2633 856 2671 id
887 2633 1048 2672 minime
1080 2638 1159 2672 tam
1191 2635 1373 2674 universe
1404 2636 1534 2673 valere

43 2706 222 2752 apparet,
261 2703 454 2752 siquidem
492 2716 615 2753 pauca
651 2704 783 2742 hercle
814 2707 968 2753 praeter
998 2704 1097 2742 illud
1129 2706 1266 2744 afferas
1296 2706 1414 2743 huius
1447 2717 1532 2744 sen-

43 2773 186 2811 tentiae
223 2774 420 2824 exempla,
466 2786 565 2824 quae
609 2786 672 2813 res
716 2778 754 2812 et
796 2775 881 2824 ipsa
922 2776 1149 2825 exemplum
1186 2776 1261 2813 1100
1298 2776 1406 2825 prius
1444 2788 1531 2814 esse

45 2843 235 2882 sententia
265 2844 333 2881 illa
365 2845 556 2894 generali,
588 2845 720 2895 itaque
751 2846 980 2895 Apologiam
1012 2846 1183 2895 priorem
1214 2847 1532 2886 Memorabilibus

44 2912 193 2963 liquido
230 2918 406 2953 testatur.
476 2915 551 2954 Sed
595 2929 665 2954 cur
700 2916 953 2955 Palamedem
991 2917 1157 2967 scriptor
1194 2919 1320 2956 tacet?
1384 2918 1531 2956 Eadem
