1820 3340
270 194 293 231 6

272 310 448 348 futurum
480 322 568 349 esse
590 323 751 360 vanum,
785 314 824 349 et
856 311 976 361 pedes
1008 323 1141 350 eorum
1173 314 1263 350 ante
1291 315 1441 362 portam
1471 324 1575 361 esse,
1608 313 1676 363 qui
1696 325 1761 352 me

268 392 424 431 quoque
456 382 651 420 efferrent.

391 451 514 490 Cuius
544 452 767 501 reperiendi
799 452 992 490 auxilium
1023 453 1243 503 putaverim
1272 453 1377 491 haud
1404 454 1514 504 parvi
1537 453 1760 492 faciendum

269 521 310 559 id
342 534 446 571 esse,
485 523 590 572 quod
627 525 686 561 tot
722 523 901 561 homines
939 522 1043 562 docti
1075 526 1189 562 antea
1221 524 1269 562 de
1300 525 1375 562 hae
1406 537 1448 562 re
1479 525 1761 563 disseruerunt.

268 592 352 640 Quo
391 593 464 631 etsi
503 593 607 631 haud
644 593 698 632 ita
735 606 821 631 raro
860 594 923 642 fit,
959 597 1003 632 ut
1040 606 1164 644 pauca
1201 595 1489 645 relinquantur,
1528 607 1644 645 quae,
1682 607 1760 633 non

267 663 353 702 dieo
391 664 494 714 ipse,
533 667 572 702 at
610 676 710 714 quae
747 665 898 714 primus
936 677 1114 715 novaque
1149 665 1342 715 invenias,
1381 665 1652 715 Xenophontis
1688 677 1762 704 nos

268 735 491 784 exemplum
525 735 788 785 sequebamur
818 735 929 773 initio
960 735 1050 773 libri
1078 735 1126 774 de
1153 748 1195 774 re
1222 736 1394 786 equestri
1416 737 1512 774 haee
1535 736 1760 775 scribentis:

267 802 389 858 ἡμεῖς
419 817 465 857 γε
491 800 639 856 μέντοι
669 802 788 853 ὅσοις
817 802 1091 856 συνετόχομεν
1121 802 1257 845 ταῦτα
1288 803 1455 858 γνόντες
1486 800 1651 859 ἐκείνῳ,
1684 802 1762 846 οὐκ

267 869 546 928 ἔξαλείφομεν
578 871 626 914 ἐκ
651 879 735 915 τῶν
760 872 992 930 ἡμετέρων,
1027 873 1135 916 ἀλλὰ
1162 874 1277 916 πολὺ
1299 874 1419 931 ἣδιον
1440 874 1762 930 παραδώσομεν

268 941 377 985 αὐτὰ
398 946 490 994 τοῖς
511 940 658 1000 φίλοις
678 941 918 998 νομίζοντες
940 943 1293 1000 ἀξιοπιστότεροι
1317 939 1444 996 εἶναι,
1471 945 1539 987 ὅτι
1565 943 1763 996 κάκεῖνος

268 1014 379 1056 κατὰ
416 1013 553 1056 ταύτὰ
591 1015 691 1072 ἡμῖν
728 1011 832 1070 ἔγνω
866 1012 1058 1066 ἱππικὸς
1089 1014 1162 1057 ὤν·
1199 1014 1273 1057 καὶ
1305 1016 1385 1058 ὅσα
1417 1015 1469 1073 δὴ
1500 1014 1760 1072 παρέλιπεν,

269 1085 389 1141 ἡμεῖς
421 1085 733 1140 πειρασόμεθα
767 1085 971 1144 δηλῶσαι.

389 1159 561 1198 Consilio
598 1160 769 1210 denique
809 1173 928 1210 supra
959 1161 1138 1211 exposito
1170 1174 1215 1200 eo
1247 1173 1403 1212 quoque
1436 1173 1524 1199 sum
1554 1161 1760 1210 adductus,

268 1232 313 1268 ut
350 1230 562 1280 disputatis
601 1231 676 1279 eis,
721 1243 820 1281 quae
858 1231 906 1270 de
945 1244 987 1270 re
1024 1232 1110 1282 ipsa
1147 1232 1312 1270 dicenda
1349 1232 1598 1280 videbantur,
1636 1232 1761 1270 altera

267 1301 553 1340 dissertationis
585 1306 696 1351 parte
717 1301 844 1340 varias
876 1302 1079 1340 hominum
1111 1303 1314 1341 doctorum
1345 1303 1394 1340 de
1425 1303 1499 1340 hae
1530 1302 1760 1353 quaestione

268 1372 483 1410 sententias
522 1385 638 1422 quam
671 1372 975 1422 diligentissime
1006 1373 1244 1412 declararem
1279 1377 1320 1412 et
1356 1376 1600 1423 exouterem3
1640 1385 1756 1424 quam

267 1443 380 1492 quasi
405 1444 608 1481 obrussam
633 1443 669 1482 ei
702 1444 937 1492 sententiae,
971 1457 1088 1494 quam
1119 1445 1205 1494 ipse
1236 1444 1328 1493 tuli,
1360 1444 1577 1483 adhibitum
1609 1444 1658 1482 iri
1690 1456 1759 1482 ex-

266 1513 455 1562 istimavi,
495 1514 691 1564 simulque
728 1515 1040 1553 adversariorum
1070 1516 1239 1554 rationes
1271 1515 1475 1554 refellendi
1513 1516 1624 1554 loeus
1660 1515 1759 1553 mihi

266 1588 349 1623 erat
379 1585 620 1635 aptissimus,
650 1586 737 1635 ipsa
768 1586 1040 1636 disquisitione
1071 1587 1144 1625 hae
1174 1587 1277 1625 mole
1307 1587 1487 1625 liberata.
