1820 3340
248 236 302 274 54

246 353 443 403 applicare
476 353 599 391 satius
631 354 716 391 erit.
779 353 919 392 Hieme
941 354 1047 391 enim
1068 366 1100 391 a.
1124 350 1257 407 410s9
1292 358 1511 405 praetorem
1531 367 1623 394 eum
1644 367 1733 393 cuin

247 424 372 462 classe
394 424 555 472 Pylum,
588 436 705 473 quam
733 424 933 463 obsidione
956 424 1154 475 liberaret,
1186 425 1352 464 missum
1373 428 1413 464 et
1434 426 1734 475 tempestatibus

246 495 392 533 infecta
429 506 471 532 re
508 494 636 532 redire
675 498 868 544 coactum,
911 495 1012 543 Pylo
1056 496 1103 533 ab
1140 496 1460 535 Lacedaemoniis
1497 499 1611 546 capta
1647 508 1735 546 pro-

249 565 409 603 ditionis
447 569 672 603 accusatum
713 578 799 604 esse
839 566 996 604 scimus.
1066 566 1121 604 Eo
1153 569 1328 616 tempore
1361 567 1482 616 igitur
1524 567 1592 604 vix
1622 567 1734 604 annis

248 635 507 685 quadraginta
529 648 619 673 eum
642 636 826 674 minorem
849 636 973 674 fuisse
995 640 1301 675 consentaneum
1324 641 1401 687 est,
1427 637 1533 675 unde
1555 637 1735 684 efficitur,

246 709 290 744 ut
322 706 521 744 Socratem
552 710 624 745 aut
654 707 1015 757 quinquagenarius
1036 711 1120 755 aut,
1156 708 1260 757 quod
1281 708 1534 746 verisimilius
1556 711 1634 756 est,
1665 707 1735 746 ali-

247 780 342 826 quot
378 777 493 815 annis
537 777 654 815 etiam
692 778 814 827 major
852 780 947 816 natu
984 778 1246 828 accusaverit;
1291 779 1476 828 idemque
1519 778 1609 817 inde
1646 790 1735 816 con-

246 847 486 885 cludendum
518 852 593 896 est,
626 848 731 898 quod
763 860 807 886 eo
838 848 924 898 ipso
956 852 1131 899 tempore
1168 849 1275 887 filius
1313 850 1349 887 ei
1387 843 1606 896 νεανίσκος
1643 853 1734 888 erat.

246 918 341 955 Post
371 931 403 956 a.
436 918 520 956 fere
553 919 636 957 399
670 922 799 957 autem
832 919 933 956 nihil
963 919 1132 969 amplius
1154 920 1203 957 de
1225 931 1270 958 eo
1292 920 1554 969 comperimus
1566 919 1614 970 1);
1647 931 1736 957 nam

247 989 316 1038 qui
347 1001 369 1026 a
399 989 522 1037 Lysia
553 988 619 1040 (or.
642 989 778 1040 XXII)
811 993 1136 1028 commemoratur
1166 991 1341 1039 Anytus,
1378 990 1484 1028 idem
1515 990 1638 1028 fuisse
1669 990 1736 1027 vix

246 1059 420 1109 potuerit
440 1059 705 1111 existimari.2)
762 1060 861 1098 Cum
892 1061 1015 1109 igitur
1045 1064 1085 1100 et
1117 1064 1242 1099 aetate
1265 1073 1354 1099 eum
1376 1064 1610 1111 provectum
1631 1064 1736 1099 certe

243 1185 440 1230 ‘Hoo'ffozog
470 1187 623 1231 Θούριος
648 1186 855 1221 lconstrm'rt
872 1186 967 1221 sein.
1017 1187 1095 1221 Das
1121 1187 1352 1228 Actenststck,
1383 1187 1450 1221 das
1469 1186 1614 1231 Diyllos
1633 1186 1736 1230 fand,

246 1255 324 1278 war
349 1244 540 1279 naticrlick
564 1256 639 1279 nur
665 1245 739 1288 auf
751 1246 821 1279 den
837 1246 1028 1280 Sehrez'ber
1053 1246 1191 1287 dmm,-
1219 1246 1260 1280 ob
1286 1257 1324 1280 er
1344 1246 1415 1280 den
1435 1245 1584 1280 Archon
1602 1245 1738 1280 suellen

246 1303 384 1337 mochte
408 1304 487 1338 und
510 1304 637 1348 finden
662 1305 810 1347 lsonnte,
838 1304 889 1339 ist
908 1304 1094 1339 unsiclzer.
1134 1305 1193 1339 Da
1212 1305 1256 1338 in
1275 1305 1344 1339 den
1357 1305 1471 1339 Acten
1495 1316 1571 1339 nur
1590 1303 1738 1343 Ἄνυτος

247 1362 327 1396 εἷπε
352 1363 456 1397 stelm
481 1363 628 1405 lconnte,
656 1363 707 1397 ist
733 1363 829 1398 auch
854 1363 913 1397 die
927 1363 1206 1407 Identifieatz'on
1225 1364 1288 1398 der
1302 1363 1489 1398 Personam
1507 1363 1611 1398 nieht
1628 1364 1737 1398 meei-

245 1421 361 1465 fellos.
418 1421 503 1455 Wz'r
527 1422 671 1456 konnen
696 1423 774 1456 also
799 1422 983 1456 zwiscken
1008 1423 1077 1456 den
1102 1422 1195 1457 moed
1219 1422 1501 1467 Bloylickkeiten
1531 1422 1637 1457 nieht
1661 1426 1738 1457 ent-

247 1481 437 1515 solzez'den:
466 1481 642 1515 enteceder
668 1481 808 1526 Anytos
834 1481 1079 1516 Antlzemz‘ons
1107 1482 1207 1516 Solen
1232 1482 1297 1516 hat
1321 1482 1390 1516 den
1415 1483 1561 1526 Antray
1589 1482 1737 1526 yestellt,

246 1540 350 1574 dmm
375 1539 429 1573 im
456 1540 628 1584 Aozfanye
653 1541 714 1574 des
735 1540 1087 1585 pelopomzesisclzen
1106 1541 1256 1585 Krieys,
1284 1541 1370 1575 oder
1393 1541 1453 1575 die
1472 1541 1662 1585 Datiruny
1683 1540 1740 1575 bez·

246 1598 432 1632 Eusebius
457 1599 507 1633 ist
532 1599 691 1643 riclztz'y:
719 1600 822 1633 dmm
847 1611 925 1634 war
950 1611 986 1634 es
1012 1600 1074 1634 ein
1100 1600 1256 1634 anderer
1269 1599 1421 1645 Anytos.
1465 1600 1543 1634 Das
1558 1599 1738 1644 Zeuyniss

246 1657 307 1691 des
333 1657 476 1702 Diyllos
502 1658 610 1692 selbst
635 1669 685 1692 zze
702 1658 926 1702 bemccifeln,
954 1658 1005 1693 ist
1023 1659 1133 1693 baare
1154 1659 1350 1693 IVilllcz'c'r.“
1389 1659 1563 1704 Equidem
1578 1660 1737 1703 Anytuni

247 1716 400 1751 Socratis
426 1722 669 1752 accusatorem
694 1717 791 1752 illam
817 1718 1036 1763 rogationem
1063 1719 1106 1752 de
1124 1718 1303 1752 Herodoto
1330 1728 1360 1752 a.
1374 1717 1444 1752 445
1471 1718 1562 1752 ferre
1581 1718 1738 1762 potuisse

246 1776 451 1819 neutiquam
486 1786 630 1820 prorsus
657 1777 879 1821 negaverim3
918 1788 997 1811 nam
1024 1787 1102 1811 eam
1129 1779 1224 1811 certe
1249 1777 1437 1820 rationem,
1476 1787 1545 1821 qua
1575 1777 1739 1811 inductus

245 1834 322 1868 sine
347 1834 451 1869 dubio
477 1834 676 1869 Wssamow.
708 1836 743 1869 id
776 1836 876 1880 facit,
915 1835 1033 1870 locum
1065 1846 1135 1870 non
1161 1846 1263 1879 posse
1295 1836 1424 1871 habere
1456 1835 1549 1871 infra
1575 1837 1621 1880 (p.
1643 1836 1688 1870 54
1707 1838 1737 1877 2)

247 1893 432 1928 ostendere
459 1893 618 1928 conabor.
670 1894 738 1928 Sed
762 1896 802 1928 ut
829 1895 871 1928 de
898 1905 935 1928 re
961 1895 1038 1939 ipsa
1068 1896 1163 1929 recte
1190 1895 1419 1939 judicaverit,
1452 1895 1618 1937 duarum,
1652 1904 1738 1939 quas

245 1952 424 1996 proponit,
463 1963 580 1986 rerum
607 1963 668 1997 pro
695 1953 1040 1997 chronographorum
1071 1954 1205 1988 ratione
1232 1964 1288 1997 ea,
1328 1964 1416 1998 quae
1442 1953 1597 1998 priorem
1621 1952 1738 1988 locuni

246 2011 396 2054 obtinet,
435 2012 546 2056 magis
584 2011 715 2055 placet3
754 2012 802 2046 ita
834 2015 953 2047 autem
986 2013 1015 2046 si
1047 2022 1103 2047 res
1135 2023 1174 2047 se
1206 2012 1384 2057 habuerit,
1423 2012 1485 2046 vix
1512 2012 1590 2056 plus
1616 2013 1737 2047 decem

245 2070 346 2104 annis
372 2069 512 2105 Socrate
537 2072 623 2105 natu
648 2071 763 2105 minor
787 2071 901 2106 suerit.
954 2072 1030 2114 Qua
1056 2082 1137 2105 cum
1163 2073 1277 2106 aetate
1303 2071 1433 2115 optime
1460 2071 1625 2106 convenit
1641 2081 1739 2106 amor

245 2129 322 2172 ille,
355 2140 458 2174 quem
486 2131 604 2173 Anyto
630 2141 711 2164 oum
737 2130 920 2165 Alcibiade
952 2130 1061 2165 fuisse
1094 2130 1242 2174 Satyrus
1274 2131 1366 2175 apud
1398 2130 1621 2164 Athenaeum
1652 2129 1736 2164 Plu-

245 2189 459 2232 tarchusque
485 2188 521 2221 in
550 2188 727 2223 Alcibiade
752 2189 925 2232 referunt,
958 2200 1046 2234 quae
1073 2199 1130 2223 res
1156 2200 1235 2224 cum
1263 2200 1324 2233 per
1350 2200 1387 2224 se
1413 2189 1558 2223 minime
1589 2189 1737 2223 incredi-

246 2246 327 2281 bilis
353 2247 532 2292 videatur,
559 2250 634 2282 tum
660 2259 804 2293 prorsus
832 2249 1059 2283 confirmatur
1078 2248 1211 2283 scholio
1238 2248 1325 2283 Plat.
1346 2249 1446 2293 Apol.
1466 2250 1513 2293 (p.
1529 2248 1599 2284 330
1612 2247 1736 2291 Bekk.)

247 2306 404 2350 egregiae
429 2307 525 2341 fidei:
552 2307 722 2341 haustum
748 2307 839 2341 enim
868 2309 921 2342 est
947 2319 991 2342 ex
1017 2307 1145 2351 Lysiae
1171 2307 1489 2352 Xenophontisque
1508 2306 1686 2352 Apologiis
1705 2309 1738 2341 et

246 2365 451 2400 Aristoxeni
477 2367 519 2400 de
545 2365 687 2401 Socrate
712 2366 816 2410 libro3
843 2367 885 2401 cf.
914 2378 946 2410 p,
961 2367 993 2401 8.

366 2436 400 2480 1)
426 2436 474 2470 Eo
501 2447 591 2471 anno
618 2438 800 2481 praeterea
828 2437 1000 2471 Andocidi
1027 2447 1109 2471 eum
1140 2437 1176 2471 in
1202 2447 1307 2472 causa
1333 2437 1586 2482 mysteriorum
1616 2438 1736 2471 aucto-

245 2495 387 2529 ritatem
413 2505 515 2530 suani
541 2497 577 2530 et
601 2496 793 2540 potentiani
819 2496 1100 2540 suppeditavisse
1126 2496 1257 2530 scimus
1266 2507 1274 2538 ;
1301 2498 1406 2540 atque
1432 2496 1538 2530 iidem
1556 2506 1646 2530 anno
1664 2495 1737 2530 fere

245 2552 413 2588 Isocratis
439 2565 487 2588 or.
507 2554 649 2597 XVIII,
677 2555 714 2588 in
733 2566 803 2599 qua
828 2556 937 2600 Anyti
962 2555 1095 2589 mentio
1120 2555 1160 2589 fit
1185 2555 1242 2600 (of.
1269 2556 1386 2589 notam
1413 2554 1692 2599 insequentem),
1718 2563 1738 2588 a

244 2611 382 2647 Blassio
398 2614 483 2657 (Att.
498 2613 641 2648 Bereds.
656 2613 692 2648 Π
707 2613 720 2632 ²
732 2613 815 2657 214)
830 2614 1056 2657 adscribitur3
1077 2613 1291 2658 Theopompi
1309 2613 1460 2658 denique
1475 2612 1737 2659 Στρατιώτιδες

245 2671 485 2716 Archippique
520 2674 640 2717 ἰχθῦς,
672 2673 797 2717 quibus
830 2673 867 2706 in
893 2673 1020 2707 fabulis
1047 2674 1205 2716 Anytum
1236 2672 1376 2707 irrisum
1408 2682 1486 2706 esse
1512 2671 1620 2706 schol.
1648 2671 1736 2706 Plat.

246 2730 348 2774 Apol.
374 2731 440 2765 18b
471 2732 589 2776 docet,
629 2732 725 2775 ipsae
764 2741 902 2776 quoque
941 2732 1035 2766 illius
1066 2731 1139 2765 fere
1171 2731 1339 2775 temporis
1370 2731 1538 2765 videntur
1569 2740 1647 2765 esse
1679 2729 1735 2775 (cf.

246 2789 396 2823 Meinek.
424 2790 545 2835 fragm.
574 2800 661 2824 com.
688 2791 765 2834 gr).

364 2847 400 2892 2)
428 2848 648 2893 Quamquam
674 2848 875 2883 VVilamow.
902 2851 937 2883 et
967 2849 1003 2882 in
1035 2848 1330 2883 commentatione
1362 2848 1502 2892 saepius
1532 2847 1673 2883 laudata
1703 2847 1737 2880 et

246 2906 283 2939 in
308 2906 397 2941 libro
423 2907 483 2952 qui
508 2907 711 2942 inscribitur
737 2908 881 2942 Aristot.
908 2907 978 2941 und
1004 2907 1123 2941 Athen
1148 2906 1268 2941 1137ss
1293 2907 1329 2941 id
1355 2907 1524 2950 affirmat,
1557 2917 1634 2941 rem
1666 2915 1736 2940 non
