1820 3340
669 779 787 825 Pars
818 778 877 825 Π.

161 896 378 948 Priorum
420 896 479 948 de
521 895 613 947 hac
653 908 707 946 re
746 894 1099 946 sententiarum
1142 895 1387 946 recensio.

149 1119 218 1158 Eis
250 1131 349 1169 quae
381 1119 633 1169 exposuimus
665 1118 837 1167 etiamsi,
869 1121 912 1156 ut
939 1118 1060 1156 libere
1092 1130 1199 1166 spem
1232 1121 1272 1156 et
1297 1118 1516 1167 opinionem

30 1193 203 1228 nostram
235 1190 501 1240 profiteamur,
540 1190 724 1227 effectum
761 1189 803 1226 id
840 1188 1131 1236 existimamus,
1168 1192 1212 1226 ut
1249 1200 1373 1237 genus
1413 1189 1517 1238 Apo-

30 1260 157 1310 logiae
188 1272 259 1310 pro
290 1261 368 1298 fixo
400 1261 440 1297 in
472 1260 648 1298 futurum
687 1263 727 1297 et
763 1271 809 1297 ac
845 1260 962 1307 probe
1001 1258 1172 1297 stabilito
1209 1259 1344 1297 haberi
1382 1259 1518 1308 possit,

30 1334 164 1369 tamen
196 1343 284 1369 cum
322 1331 413 1368 inde
451 1331 499 1368 ab
536 1330 757 1368 Heumanni
796 1333 835 1367 et
872 1329 1144 1367 Valckenaerii
1181 1329 1422 1378 temporibus
1460 1331 1518 1367 tot

30 1402 135 1440 docti
180 1412 395 1452 eorumque
432 1413 572 1450 magna
609 1413 698 1450 pars
741 1413 818 1438 non
863 1393 902 1438 οἱ
941 1397 1150 1448 τυχόντες,
1197 1399 1266 1437 sed
1312 1399 1515 1437 nominum

33 1484 275 1510 summorum
318 1471 496 1509 homines
541 1494 596 1497 —
641 1471 814 1508 Zelleros
858 1470 960 1518 (1100,
1015 1469 1264 1517 Schenklios,
1308 1469 1518 1517 Kaibelios,

32 1542 354 1580 Wilamowitzios
387 1564 442 1569 —
475 1541 705 1579 contrariam
744 1541 934 1579 abiissent
972 1540 1011 1577 in
1050 1539 1301 1588 sententiam,
1340 1543 1379 1577 et
1414 1552 1519 1578 arro-

31 1615 169 1662 ganter
199 1613 346 1650 factum
379 1611 503 1650 videri
535 1614 702 1661 poterat,
741 1611 889 1648 nullam
920 1611 1079 1648 illorum
1112 1611 1143 1648 si
1176 1610 1367 1648 rationem
1396 1611 1518 1648 habu-

30 1683 216 1731 issemus,
248 1694 375 1732 neque
408 1685 590 1731 suscepto
611 1694 635 1720 a
655 1682 766 1720 nobis
789 1681 1028 1731 quaestionis
1054 1680 1231 1718 funditus
1253 1681 1519 1730 profligandae

31 1753 186 1791 muneri
222 1753 269 1791 ab
303 1753 408 1791 omni
445 1755 557 1802 parte
594 1764 665 1790 nos
704 1752 940 1790 satisfecisse
978 1751 1251 1802 credebamus,
1296 1751 1374 1788 nisi
1410 1750 1519 1789 addi-

31 1823 245 1872 dissemus,
289 1835 388 1873 quae
427 1822 705 1861 offensionibus
742 1822 898 1860 illorum
937 1821 1151 1871 expeditis,
1195 1821 1390 1859 erroribus
1427 1833 1519 1859 con-

31 1893 147 1932 victis
179 1893 247 1943 qui
268 1894 425 1931 tandem
448 1894 595 1931 factum
621 1896 726 1930 esset
747 1892 1004 1939 declararent,
1036 1896 1080 1929 ut
1111 1892 1152 1928 in
1183 1891 1517 1929 existimationem

34 1964 143 2002 illam
174 1964 317 2001 malam
349 1963 541 2013 Apologia
571 1963 808 2013 perveniret3
855 1975 946 2000 nam
989 1962 1043 2000 ita
1081 1962 1242 1999 demum
1284 1964 1518 1999 eventurum

31 2047 120 2073 esse
152 2047 307 2084 sperare
338 2034 498 2082 licebat,
531 2037 575 2072 ut
605 2034 839 2072 conticescat
870 2032 1027 2070 tandem
1060 2032 1260 2070 doctorum
1293 2032 1341 2069 de
1372 2032 1445 2069 1130
1476 2043 1519 2069 re

31 2105 241 2143 contentio.

155 2175 251 2213 Cum
284 2178 418 2213 autem
448 2175 554 2212 hunc
583 2174 761 2223 libellum
793 2173 906 2223 quasi
938 2172 1163 2221 sepulcrum
1194 2184 1282 2211 esse
1313 2172 1518 2220 vellemus,

32 2246 71 2284 in
105 2258 182 2296 quo
214 2245 390 2295 quaestio
421 2248 552 2282 nostra
583 2248 720 2282 exacta
758 2244 838 2281 vita
874 2243 1024 2292 minus,
1064 2243 1156 2291 hen,
1195 2242 1364 2291 gloriosa
1401 2254 1519 2291 quam

30 2316 218 2354 diuturna
248 2316 297 2352 ad
329 2316 606 2364 sempiternam
638 2314 813 2364 quietem
845 2313 1001 2351 condita
1032 2313 1194 2360 iaceret,
1233 2313 1371 2350 decere
1409 2311 1520 2350 vide-

33 2387 146 2425 batur
177 2386 279 2434 eius,
311 2385 373 2424 cui
404 2386 526 2423 funus
557 2385 753 2432 ducimus,
786 2388 831 2422 ut
862 2396 945 2422 mos
976 2386 1036 2422 est
1066 2383 1107 2420 in
1139 2383 1243 2421 omni
1275 2383 1413 2420 funere
1445 2382 1520 2420 rite

32 2456 226 2504 faciendo,
259 2456 338 2494 fata
369 2455 434 2494 hic
465 2455 644 2494 enarrari.
706 2455 845 2504 Itaque
876 2466 954 2492 non
985 2465 1030 2491 ea
1062 2456 1232 2501 tantum,
1265 2464 1364 2503 quae
1386 2455 1520 2490 contra

31 2527 235 2576 disputata
271 2529 397 2574 erant,
436 2526 506 2564 sed
543 2525 670 2564 omnia
709 2536 964 2574 quaecunque
1001 2524 1104 2562 docti
1141 2524 1190 2561 ad
1226 2527 1400 2561 nostram
1436 2534 1521 2561 rem

31 2597 322 2647 disseruerunt,
362 2596 530 2634 lustrare
561 2595 626 2634 hic
657 2599 696 2633 et
728 2596 799 2633 sub
830 2607 907 2632 uno
945 2596 1158 2643 conspectu
1195 2605 1339 2643 ponere
1375 2593 1521 2631 consti-

31 2669 200 2716 tuimus,
244 2670 288 2705 ut
331 2666 443 2717 quasi
483 2666 675 2716 quoddam
713 2665 948 2703 tabularium
985 2665 1081 2702 haec
1120 2675 1210 2713 pars
1241 2663 1365 2701 libelli
1396 2662 1521 2700 nostri

31 2738 236 2786 evaderet,
279 2737 347 2775 ubi
389 2736 508 2775 totius
545 2736 627 2774 litis
669 2736 932 2774 instrumenta
974 2736 1270 2772 asservarentur
1311 2733 1353 2770 in
1395 2744 1520 2770 unum

34 2811 176 2847 coacta.
244 2807 294 2845 In
331 2819 407 2857 quo
451 2807 490 2844 id
533 2806 703 2845 maxime
748 2805 1007 2852 enitebamur,
1050 2807 1095 2841 ut
1137 2803 1205 2853 qui
1250 2803 1345 2841 haec
1388 2805 1522 2841 essent

35 2878 196 2926 lecturi,
246 2878 382 2916 eadem
431 2877 548 2927 plane
590 2880 708 2926 atque
752 2876 786 2914 si
830 2876 936 2925 ipsas
980 2874 1181 2913 doctorum
1224 2873 1520 2911 dissertationes

1257 2951 1306 2986 6*
