1820 3340
1456 264 1539 301 113

179 379 243 417 16.
276 378 454 416 Priorem
486 378 744 416 accusationis
767 382 922 428 partem
960 379 1014 416 ita
1052 379 1276 427 scriptorem
1312 379 1540 428 relinquere,

59 454 103 488 ut
137 450 202 487 via·
238 447 453 498 quidquam
490 449 541 486 ad
575 448 686 486 illam
729 449 980 498 refutandam
1023 449 1168 487 dixisse
1209 449 1408 497 videatur,·
1452 462 1542 488 cum

57 520 161 558 enim
199 519 250 556 ad
284 519 448 556 alterum
494 519 640 556 crimen
683 522 769 568 apte
813 519 979 557 transire
1012 532 1126 569 posse
1168 519 1246 557 sibi
1281 520 1390 557 visus
1433 523 1539 563 esset,

54 602 153 639 quae
183 589 234 627 ad
255 589 375 638 prius
405 589 659 638 refutandum
691 589 869 635 dixisset,
911 590 1089 628 ‘breviter
1126 594 1159 628 et
1195 590 1337 628 vii’ide’
1373 603 1541 639 compre-

54 660 252 698 hendenda
295 672 375 697 esse
412 671 501 697 eum
537 672 619 697 non
661 660 810 697 vidisse.
888 658 1012 706 Quam
1057 661 1217 698 miseret
1260 660 1540 710 discipulorum

56 730 173 780 hujus
205 729 400 778 magistri:
433 729 521 779 quis
554 730 656 767 enim
690 729 727 767 ei
759 730 984 768 satisfacere
1016 730 1165 779 potuit?

177 801 240 838 17.
279 800 384 844 Quae
399 801 428 849 ἑ·
445 801 499 837 20
519 800 674 837 Meletus
688 801 880 849 proferat,
903 813 946 838 ea
968 803 1087 838 ‘vana
1107 800 1318 838 admodum
1340 805 1374 838 et
1385 801 1542 850 jejuna’

52 883 133 908 esse
160 874 194 908 et
226 870 298 907 ‘ita
329 874 550 919 comparata
580 874 625 907 ut
650 871 715 908 via
739 871 846 908 verbo
872 870 1021 908 Socrati
1051 883 1149 920 opus
1179 871 1300 920 fuerit
1325 883 1399 920 quo
1422 875 1537 909 totam

55 940 368 978 criminationem
392 940 572 989 refelleret
582 941 607 987 ζ·
639 941 750 990 atqui
776 941 1069 978 criminationes
1096 941 1184 979 illas
1211 941 1482 990 ‘yravisstmas
1508 946 1540 979 et

54 1011 265 1049 admodum
290 1011 502 1060 exquisitas
511 1011 531 1057 ἦ,
565 1023 660 1060 quae
686 1011 731 1049 in
751 1011 1067 1049 Memorabilibus
1089 1012 1315 1059 tradantur,
1348 1012 1540 1061 neytiqen-

53 1081 124 1119 das
154 1081 262 1119 nullo
285 1085 399 1130 pacto
430 1082 566 1131 fuisse.
633 1082 678 1120 Si
707 1094 792 1119 vero
824 1094 906 1119 non
939 1082 1075 1119 omnia
1104 1082 1255 1120 reddere
1286 1083 1463 1129 voluerit,
1497 1087 1540 1120 ut

54 1152 136 1201 ipse
166 1152 195 1201 ἕ
219 1152 276 1189 22
307 1152 423 1198 dicat,
456 1152 522 1189 sed
551 1165 676 1189 unam
699 1155 853 1189 tantum
884 1152 1044 1189 illarum
1065 1152 1407 1199 criminationum,
1441 1153 1541 1190 hanc

52 1222 268 1271 eliyendam
298 1222 442 1271 fuisse,
483 1225 599 1271 ‘quae
630 1227 663 1260 et
693 1235 767 1271 per
797 1235 837 1260 se
865 1223 1100 1271 yravissima
1131 1226 1245 1270 esset,
1284 1226 1318 1260 et
1348 1223 1455 1260 haud
1484 1224 1540 1260 ita

53 1292 165 1341 facile
196 1292 435 1341 refellenda’,·
467 1296 505 1330 at
536 1296 669 1330 contra
700 1293 937 1330 levissimam
966 1293 1148 1331 omnium
1180 1297 1213 1331 et
1244 1306 1292 1330 ne
1323 1293 1422 1331 hanc
1453 1294 1538 1343 qui-

54 1363 139 1400 dem
178 1367 297 1401 totam
329 1363 508 1412 proponi.
574 1363 716 1401 Verum
754 1364 864 1401 enim
901 1376 986 1401 ‘cero
1024 1364 1319 1413 Xenophontem
1350 1368 1442 1413 post
1479 1376 1536 1411 ea,

53 1446 150 1482 quae
171 1433 284 1472 Mem.
307 1434 333 1471 Ι
348 1435 367 1471 1
389 1437 421 1471 et
445 1434 472 1470 2
502 1434 681 1480 discisset,
715 1434 752 1471 si
782 1434 1023 1482 sinyularem
1055 1434 1098 1471 de
1123 1434 1293 1472 Socratis
1318 1434 1539 1483 defensione

53 1504 197 1542 librum
227 1504 522 1553 composuisset,
555 1517 636 1541 non
667 1504 798 1542 solum
823 1504 942 1550 nihil,
975 1505 1119 1541 nedum
1139 1504 1392 1553 pravissima,
1426 1505 1538 1542 omit-

54 1578 127 1612 tere
157 1574 346 1620 debuisse,
385 1575 452 1612 sed
487 1574 604 1612 etiam
641 1575 764 1612 mutto
801 1576 1020 1612 accuratius
1058 1587 1153 1623 quae
1191 1575 1234 1612 in
1264 1575 1435 1624 ⁸qenerali
1471 1575 1538 1613 illo

53 1645 147 1683 libro
185 1645 363 1691 dixisset,
407 1649 569 1694 repetere
609 1649 642 1682 et
680 1645 883 1694 explicare,
923 1646 1152 1694 praesertim
1198 1658 1287 1683 cum
1330 1646 1538 1683 nominare

42 1717 207 1765 juvenes
249 1728 273 1752 a
309 1728 348 1753 se
385 1719 583 1765 corruptos
621 1716 803 1753 Metetum
845 1716 1018 1754 Socrates
1052 1716 1251 1765 jussisset.
1327 1716 1428 1754 Sane
1472 1716 1537 1754 hic

53 1787 210 1836 quidem
256 1785 487 1835 Caspersius
531 1789 571 1823 et
615 1786 714 1834 sapit
756 1790 795 1824 et
839 1798 991 1823 meeum
1035 1786 1129 1824 facit
1171 1790 1211 1824 et
1252 1786 1347 1824 Jove
1391 1786 1539 1824 iudicat

51 1868 193 1906 aequm
226 1868 271 1894 ac
292 1856 377 1893 iure
409 1859 533 1894 ‘tanta
542 1886 552 1903 ,
585 1856 728 1905 inquit,
761 1857 850 1893 haec
876 1857 975 1905 foret
1006 1857 1170 1905 ineptia,
1204 1860 1393 1905 quantam
1415 1869 1535 1906 neque

50 1927 304 1976 Xenophonti
351 1939 472 1976 neque
522 1927 634 1976 facile
685 1927 756 1964 alii
798 1927 952 1964 cuidam
996 1939 1116 1964 sanae
1165 1927 1307 1964 mentis
1352 1928 1535 1965 tribuas’:

53 1998 120 2036 sed
153 1998 345 2047 quidnam
377 1997 463 2035 eius
491 2001 659 2035 mentem
693 1997 787 2035 adeo
819 1997 1005 2045 caecavit,
1038 2001 1083 2035 ut
1106 1997 1337 2046 Apologiam
1368 1998 1536 2047 priorem

52 2081 138 2107 esse
160 2068 476 2106 Memorabilibus
503 2067 595 2106 hino
616 2068 926 2105 concludendum
953 2080 1040 2105 esse
1061 2080 1136 2105 non
1161 2067 1326 2105 videret!
1353 2091 1406 2094 —
1428 2068 1538 2112 Quod

48 2139 185 2177 vdeinde
220 2139 391 2177 Socrates
428 2139 493 2175 rix
529 2139 664 2175 audita
695 2138 822 2175 Meleti
857 2139 1047 2175 sententia
1084 2134 1277 2189 ὁμολογῶ
1314 2139 1397 2175 aiat
1434 2132 1537 2189 περί

51 2222 96 2262 γε
128 2203 352 2255 παιδείας,
390 2209 572 2258 primum
605 2209 831 2247 accuratius
869 2209 958 2246 haec
999 2209 1172 2246 debuisse
1206 2208 1411 2257 emplicari,
1453 2212 1535 2246 tum

51 2281 199 2318 iniusta
241 2280 435 2318 Socratem
478 2280 554 2317 sibi
597 2283 873 2327 a7·r09atm·um
917 2279 1044 2328 fuisse
1081 2279 1118 2316 si
1155 2283 1235 2316 tam
1278 2279 1430 2316 nudum
1468 2279 1536 2317 hoc

43 2351 241 2401 posuisset
264 2351 307 2388 de
332 2350 554 2387 educatione
584 2350 661 2387 sibi
680 2350 807 2398 maqis
839 2362 958 2398 quam
982 2350 1211 2398 parentibus
1237 2362 1316 2387 esse
1341 2350 1536 2387 oboedien-

50 2422 144 2459 dum
153 2435 168 2468 ,·
190 2421 483 2469 Xenophontem
505 2433 544 2458 se
564 2420 708 2458 credere
728 2420 851 2457 multo
872 2420 1083 2458 ‘modestius
1105 2420 1319 2469 loquentem
1342 2420 1535 2458 Socratem

46 2492 249 2541 facturum
292 2491 435 2540 fuisse,
480 2491 581 2528 sicut
624 2491 729 2539 apud
766 2490 966 2527 Platonem
1011 2491 1192 2539 loquatur
1232 2491 1301 2537 (20
1314 2492 1359 2539 c).
1428 2489 1535 2537 Quae

49 2563 200 2600 modice
231 2565 269 2600 te
300 2564 473 2610 tangant.

172 2634 237 2670 18.
272 2632 319 2669 In
356 2631 379 2682 ξ
410 2632 461 2669 22
502 2631 806 2680 deprehenditur
849 2631 976 2669 relicti
1020 2630 1111 2668 finis
1155 2630 1343 2680 propositi
1380 2630 1533 2669 vitium.

50 2703 219 2740 Maximi
239 2703 345 2740 enim
366 2702 502 2751 fecisse
532 2702 609 2739 dici
633 2702 826 2739 Socratem
857 2705 900 2738 ut
921 2701 967 2738 in
992 2701 1102 2738 rebus
1124 2700 1270 2738 divinis
1292 2704 1325 2738 et
1346 2701 1534 2738 humanis

50 2773 181 2810 iustus
212 2776 305 2810 esset
337 2776 370 2810 et
391 2785 470 2810 esse
497 2772 718 2819 haberetur,·
750 2784 840 2809 cum
871 2772 993 2819 iyitur
1023 2771 1067 2808 id
1089 2773 1146 2819 (ut
1168 2771 1298 2808 iustus
1319 2771 1531 2818 haberetur)

46 2844 272 2892 defensione
302 2855 449 2892 quoque
479 2855 554 2880 sua
584 2842 799 2887 eniteretur,
839 2842 907 2879 hac
937 2842 1026 2891 ipsa
1055 2854 1095 2879 re
1125 2845 1289 2879 mortem
1320 2853 1409 2878 eum
1440 2853 1465 2878 a
1495 2853 1535 2878 se

48 2925 238 2951 removere
258 2913 476 2960 studuisse;
505 2925 671 2962 qzcocum
688 2924 865 2961 puynare
887 2912 1025 2949 mortis
1046 2912 1120 2949 sibi
1134 2912 1335 2961 parandae
1356 2911 1533 2949 studium

1297 2990 1319 3023 8
