1820 3340
1478 231 1530 269 63

51 349 292 389 tractandam
323 348 549 398 lentiusque
580 346 853 385 illustrandam
886 345 1120 395 putavisset3
1159 345 1269 394 quod
1307 345 1429 393 igitur
1460 346 1535 384 Ro-

52 420 225 471 quettius
258 418 344 469 (1.1.
377 430 414 467 p.
441 414 558 471 101):
593 417 746 467 „Adde
778 416 925 466 inquit,
957 415 1061 464 quod
1081 419 1247 463 anyztsto
1269 419 1381 463 atque
1402 415 1535 454 ieiuno

51 490 211 529 consitio
242 489 433 538 Apoloyia
463 488 674 537 composita
704 491 776 533 est,
809 487 923 524 cuius
954 486 1116 534 scriptor
1148 498 1228 523 non
1263 485 1458 523 Socratem
1489 487 1534 524 ab

51 561 161 599 omm'
183 563 295 610 parte
333 571 451 608 quam
489 557 799 607 eloquentissime
836 556 1032 606 defendere
1069 556 1212 602 studet,
1258 555 1325 593 sed
1366 556 1411 593 in
1454 568 1536 593 una

49 623 284 683 μεγαληρίᾳ
315 631 536 676 ve7·satur“,
568 628 641 666 hoc
671 627 803 677 ipsum
834 630 988 665 nostrae
1021 626 1237 664 sententiae
1259 625 1420 664 mirifice
1454 626 1535 664 suf-

51 702 240 750 fragatur,
292 698 486 748 siquidem
541 697 581 735 id
636 697 783 747 ipsum,
839 697 943 746 quod
993 709 1016 734 a
1058 696 1317 745 Xenophonte
1360 696 1536 745 postulat

49 770 302 820 Roquettius,
345 768 541 807 inferioris
584 768 724 806 aetatis
768 768 882 805 homo
925 767 1082 804 fecisset
1121 766 1205 804 sine
1244 766 1373 804 dubio.
1435 766 1534 804 Item

50 840 258 879 fastidiens
290 839 502 889 Apologiae
533 839 643 875 illam
675 838 906 876 tenuitatem
939 837 1115 886 sophista
1143 837 1323 874 rhetorve
1345 836 1537 885 posterior

49 912 89 948 in
121 911 222 949 elato
254 910 423 960 quodam
454 922 499 947 ac
530 909 735 958 magnifico
768 907 924 946 dicendi
956 919 1098 956 genere
1131 907 1414 945 elaboravi-sset
1445 919 1535 956 ope-

49 993 213 1031 ramque
234 980 371 1018 sedulo
393 980 582 1027 dedisset,
615 982 660 1017 ut
680 978 891 1016 orationem
914 981 1129 1027 praestaret
1151 977 1263 1027 quasi
1284 989 1535 1026 conspersam

50 1052 256 1090 verborum
287 1054 326 1088 et
357 1050 642 1088 sententiarum
673 1049 833 1087 floribus
866 1048 1049 1098 omnique
1081 1060 1224 1098 pompa
1255 1051 1492 1085 exornatam.

168 1121 245 1160 Sed
271 1121 470 1171 quoniam,
503 1132 579 1170 quo
611 1120 699 1169 quis
731 1119 857 1167 magis
888 1119 976 1168 ipsa
1007 1119 1211 1156 verborum
1245 1118 1374 1168 specie
1405 1118 1534 1156 delec-

49 1195 163 1240 tatur,
195 1191 301 1229 inani
327 1191 395 1229 illo
417 1191 548 1229 sonitu
578 1190 734 1228 refertis
764 1190 924 1227 auribus
956 1191 995 1227 et
1026 1189 1138 1238 quasi
1170 1188 1288 1227 ebriis
1320 1189 1368 1226 ab
1401 1201 1534 1226 rerum

49 1266 228 1301 accurata
272 1261 545 1300 informatione
590 1273 633 1299 eo
677 1260 834 1309 longius
883 1261 1019 1298 abesse
1065 1260 1181 1307 solet,
1226 1259 1335 1297 illius
1379 1259 1535 1308 generis

49 1333 198 1371 homini
229 1333 363 1370 dubito
394 1345 444 1370 an
476 1333 722 1370 obsessarum
754 1330 910 1369 Socrate
932 1342 1024 1368 sene
1046 1331 1290 1368 Athenarum
1313 1329 1440 1379 (Apol.
1467 1327 1536 1380 18)

50 1405 90 1440 in
122 1406 294 1441 mentem
325 1415 405 1440 non
435 1405 645 1440 venturum
676 1402 812 1451 fuerit3
846 1413 944 1451 quae
976 1412 1055 1448 res,
1089 1401 1268 1450 quamvis
1299 1399 1444 1449 pusilla
1472 1399 1534 1448 sit,

50 1486 140 1512 eum
172 1473 327 1512 videtur
357 1473 538 1522 prodere,
571 1472 638 1522 qui
662 1472 745 1522 ipse
768 1472 1027 1510 calamitatem
1050 1471 1159 1508 illam
1181 1470 1339 1508 viderat.
1393 1470 1537 1508 Contra

50 1543 315 1582 inveniremus
355 1543 545 1593 quaedam
589 1542 683 1590 alia,
728 1554 827 1592 quae
870 1542 1030 1579 desunt:
1076 1542 1253 1589 Anytum
1297 1540 1403 1578 enim
1447 1552 1536 1578 cum

50 1614 283 1664 posteriores
317 1614 542 1664 scriptores,
583 1613 794 1661 Diodorus,
826 1612 1080 1660 Plutarchus,
1118 1612 1313 1661 Diogenes
1344 1611 1536 1659 Laertius,

50 1685 306 1734 Themistius,
329 1685 613 1732 Tertullianus,
635 1684 881 1733 Augustinus
894 1683 922 1733 1)
944 1683 1186 1732 gravissimis
1207 1682 1345 1732 poenis
1366 1682 1536 1720 multent

50 1755 190 1805 (patria
220 1767 308 1793 eum
341 1755 502 1804 pulsum
534 1766 621 1793 esse
652 1766 786 1792 omnes
818 1754 1012 1804 referunt,
1056 1754 1103 1791 ab
1142 1752 1400 1801 Heracleotis,
1445 1764 1536 1790 cum

49 1826 144 1864 illuc
176 1838 217 1864 se
249 1825 499 1873 contulisset,
544 1825 681 1863 eodem
712 1824 775 1862 die
819 1836 870 1862 ex
901 1824 1043 1874 oppido
1087 1824 1259 1872 ejectum
1297 1835 1385 1861 esse
1423 1822 1533 1871 Diog.

49 1896 176 1934 Laert.
205 1895 245 1933 II
273 1897 346 1943 43,
390 1895 587 1945 lapidibus
631 1895 814 1933 obrutum
858 1895 1044 1932 Themist.
1073 1894 1150 1931 XX
1180 1895 1263 1932 239
1286 1905 1307 1930 c
1350 1892 1534 1943 narrant),

50 1966 187 2004 talium
221 1966 451 2004 fabellarum
463 1966 491 2016 2)
523 1964 672 2015 aliquid
704 1966 820 2003 etiam
851 1965 891 2002 in
923 1964 1130 2014 Apologia,
1164 1963 1197 2001 si
1230 1963 1386 2001 subdita
1418 1966 1533 2011 esset,

39 2116 184 2160 jzmqen
210 2116 328 2150 Maom
352 2126 402 2149 zu
428 2115 534 2156 thum,
562 2115 626 2149 der
650 2114 730 2148 siclt
756 2114 837 2148 hier
861 2125 950 2148 mom
975 2116 1094 2148 ersten
1111 2112 1191 2147 Mal
1216 2112 1258 2146 in
1276 2112 1379 2146 einer
1392 2115 1534 2156 yro'sse·

51 2186 115 2208 ren
143 2174 283 2218 Schrift
313 2177 421 2208 mzter
452 2173 654 2217 Auleitzmgy
687 2172 787 2207 eines
813 2172 969 2207 Lehrers
1002 2171 1226 2211 versuehte“,
1266 2171 1399 2205 scilicet
1437 2170 1535 2215 quasi

51 2234 226 2277 quandam
252 2233 535 2267 dissertationem
561 2231 802 2276 inauguralem
829 2231 985 2276 scripsit!
1035 2231 1179 2265 Utinam
1214 2230 1391 2273 specimen
1418 2229 1535 2264 erudi-

50 2292 154 2326 tionis
178 2294 218 2326 ut
244 2292 364 2325 dicunt
389 2292 553 2325 idoneum
580 2291 729 2325 edidisse
756 2290 932 2335 magistris
959 2289 1032 2324 suis
1060 2289 1157 2323 visus
1183 2290 1244 2324 sit!

171 2362 204 2405 1)
231 2361 282 2397 Cf.
310 2361 439 2405 Zelle1·‚
466 2361 532 2395 Die
558 2361 646 2396 Phil.
674 2362 705 2395 d.
734 2361 908 2395 Griechen
934 2360 1039 2403 1114,
1067 2371 1097 2404 p.
1112 2359 1192 2401 200,
1207 2371 1234 2396 4.

170 2421 204 2463 2)
231 2420 369 2455 Mature
401 2420 483 2455 talia
514 2422 590 2454 orta
621 2430 697 2454 esse
729 2419 906 2453 videntur:
939 2429 1054 2462 neque
1085 2418 1181 2452 enim
1212 2418 1399 2462 quisquam
1424 2417 1536 2452 Wila-

51 2479 224 2514 mowitzio
250 2480 465 2514 recusaverit
482 2478 667 2523 astipulari
683 2478 774 2512 hanc
792 2478 1028 2522 conjecturam
1047 2477 1240 2521 proferenti
1260 2477 1296 2519 (l.
1312 2477 1332 2510 l.
1352 2488 1384 2520 p.
1401 2475 1479 2521 100,
1494 2476 1535 2517 2):

51 2538 158 2582 „Von
192 2537 423 2581 IVielztz'qlceit
450 2537 499 2571 ist
524 2537 628 2581 Πίσῃ.
650 2537 769 2571 Laert.
789 2536 912 2570 1143:
936 2535 1088 2570 ’Ἄνυτον
1113 2535 1394 2582 ἐπιδημήσαντα
1420 2534 1536 2577 ἐξεκή-

52 2596 161 2641 ρυξαν
183 2596 436 2641 ἹῙρακλεῶται.
487 2596 545 2630 Da
576 2595 635 2630 die
660 2595 819 2629 Athener
850 2595 965 2629 durch,
996 2595 1054 2629 die
1086 2594 1324 2629 Herakleoten
1355 2594 1536 2628 besehdmt

51 2655 206 2696 *et-erden,
245 2654 340 2689 wird
363 2666 399 2688 es
425 2654 565 2688 erlaubt
590 2653 687 2696 sein,
727 2654 822 2688 auch
853 2653 919 2696 fic'r
943 2653 1068 2687 diesen
1096 2652 1185 2687 Saty„
1209 2652 1270 2686 die
1296 2651 1537 2695 Azctorsehaft

51 2714 111 2748 des
138 2713 372 2748 Herakleides
403 2713 675 2755 anzzmetmzen,
714 2713 792 2746 und
828 2712 908 2746 ihm
939 2711 1031 2746 steht
1061 2711 1120 2745 die
1152 2710 1364 2754 Erftndmzq
1391 2713 1457 2754 qut
1487 2710 1537 2744 §tu

57 2773 212 2807 Gesielzt.
268 2772 506 2807 Gesekrz'eben
530 2772 594 2806 [καί
619 2783 658 2805 er
682 2771 760 2805 dies
785 2771 880 2805 nacla
907 2771 996 2813 330,
1023 2771 1119 2804 clema
1144 2781 1182 2804 er
1199 2769 1361 2804 erwc'tlmt
1386 2768 1442 2802 im
1466 2768 1536 2812 fol—

0 2874 3 2881 ,
49 2832 188 2875 (fenden
213 2831 271 2865 die
299 2830 452 2865 Statuen
476 2831 540 2865 (ter
562 2841 715 2874 yrossen
745 2829 929 2874 Traytlser,
956 2829 1014 2863 die
1039 2827 1112 2872 auf
1124 2828 1314 2873 Lykztrqos
1333 2829 1477 2871 Antray
1494 2827 1538 2861 in

52 2890 132 2924 clem
157 2901 275 2924 neuen
306 2890 456 2924 Theater
479 2892 612 2934 yesetzt
637 2889 823 2923 wurctenf‘
