1820 3340
1469 267 1519 303 ‘21

41 386 170 435 Atque
200 383 423 423 vaticinatio
434 382 462 433 1)
500 384 569 422 illa
599 384 648 422 de
675 384 797 432 Anyti
828 383 908 420 filio
940 395 962 420 a
992 381 1128 420 multis
1162 385 1243 419 tam
1273 383 1527 420 vehementer

42 455 279 505 reprehensa
309 465 438 492 nonne
470 454 586 503 plane
617 455 658 491 in
689 454 826 492 eodem
858 464 1001 501 genere
1034 454 1117 490 est‘?

125 593 157 649 ἓ
179 594 223 637 4.
275 592 343 635 De
375 591 508 647 Apol.
542 593 590 635 et
621 591 831 635 extremi
861 590 1242 634 Memorabilium
1271 590 1442 645 eapitis

631 662 931 716 cognatione.

161 758 270 807 Quod
301 759 421 808 igitur
451 758 581 795 adhuc
613 770 663 796 ex
685 758 898 807 Apologiae
931 757 1166 805 elocutione,
1199 756 1380 805 consilio,
1413 768 1527 805 argu-

42 833 171 869 mento
210 827 501 877 conoludimus,
539 828 580 865 id
618 828 838 866 stabilietur
877 827 926 875 si,
965 839 1064 876 quae
1103 827 1138 865 ei
1169 827 1267 864 ratio
1299 839 1390 864 cum
1411 827 1527 864 Mem.

40 901 130 939 libri
151 900 211 938 IV
242 912 324 950 cap.
350 901 373 938 8
406 900 643 947 intercedat,
676 898 997 948 quaesiverimus.
1050 897 1152 935 Nam
1176 897 1270 935 talia
1291 897 1348 935 eis
1370 901 1528 946 tamque

42 971 165 1009 multa
203 974 296 1009 sunt
333 971 569 1018 communia,
613 974 658 1007 ut
694 969 861 1007 alterum
905 981 955 1007 ex
998 968 1119 1006 altero
1163 968 1406 1017 descriptum
1440 979 1529 1005 esse

42 1042 149 1080 nullo
187 1041 300 1079 modo
344 1041 468 1090 possit
505 1040 639 1089 negari
684 1042 740 1087 et,
778 1042 1121 1089 quantuscumque
1167 1038 1391 1087 ceteroquin
1427 1037 1530 1075 inter

42 1112 146 1150 viros
183 1112 315 1150 doctos
354 1114 414 1149 est
451 1111 671 1162 dissensus,
710 1110 758 1147 (10
797 1110 870 1147 hac
906 1121 947 1147 re
986 1120 1120 1146 omnes
1152 1109 1233 1147 fere
1271 1107 1528 1146 consentiant.

43 1182 142 1221 Sunt
172 1185 301 1220 autem
332 1181 536 1231 permulti,
575 1180 642 1230 qui
674 1180 788 1230 Apol.
820 1182 1019 1218 auctorem
1056 1179 1156 1216 illud
1193 1182 1309 1228 caput
1346 1179 1529 1228 compila-

42 1253 148 1291 visse
167 1253 303 1291 velint.
358 1252 456 1290 Cum
487 1252 608 1300 igitur
639 1251 734 1288 satis
766 1251 897 1299 magni
928 1262 993 1288 res
1022 1262 1110 1288 esse
1130 1250 1310 1288 videatur
1330 1249 1529 1296 momenti,

45 1323 275 1373 diligentius
309 1323 407 1360 duas
438 1322 527 1360 illas
559 1322 608 1359 de
641 1321 798 1360 Socrate
829 1321 1068 1359 narrationes
1100 1322 1203 1358 inter
1234 1332 1276 1358 se
1308 1331 1530 1369 comparare

44 1406 182 1444 operae
215 1393 384 1443 pretium
415 1396 487 1431 est.
541 1391 733 1439 Quoniam
765 1391 869 1429 enim
901 1391 1096 1441 permulta
1121 1391 1167 1428 ab
1189 1391 1351 1428 alterius
1373 1393 1530 1428 auctore

43 1477 93 1503 ex
122 1464 245 1502 altera
275 1464 324 1501 ad
354 1464 518 1501 verbum
549 1463 736 1500 translata
767 1465 877 1512 sunt,
916 1473 1096 1509 magnam
1128 1464 1234 1499 certe
1266 1464 1417 1510 partem
1449 1472 1529 1498 non

43 1539 188 1574 temere
219 1534 290 1572 sed
320 1533 483 1571 consilio
514 1534 561 1571 ab
593 1532 661 1570 illo
693 1534 929 1570 commutata
960 1543 1047 1570 esse
1079 1531 1270 1580 suspicari
1300 1531 1410 1580 11001,
1443 1533 1531 1568 uter

43 1609 172 1644 autem
215 1607 417 1643 auctorum
460 1603 682 1653 quibusque
720 1603 768 1641 de
804 1603 934 1640 causis
978 1601 1139 1639 alterius
1183 1602 1303 1639 verba
1347 1601 1530 1639 immuta-

43 1676 160 1725 verit,
198 1688 321 1725 eoque
363 1678 450 1713 uter
492 1674 615 1724 prior,
659 1677 748 1711 uter
783 1673 975 1723 posterior
1020 1673 1087 1723 811,
1136 1672 1242 1710 haud
1279 1672 1333 1709 ita
1370 1671 1531 1710 difficile

46 1750 104 1784 est
135 1746 304 1794 cognitu,

168 1829 206 1877 1)
238 1829 368 1877 Atque
399 1827 629 1865 facillimum
662 1826 820 1876 quidem
860 1826 1044 1875 omnique
1081 1825 1324 1863 dubitatione
1360 1824 1531 1862 maxime

45 1902 292 1948 exemptum,
324 1898 470 1947 opinor,
501 1898 555 1936 ibi
587 1898 661 1936 erit
692 1897 897 1945 iudicium,
930 1897 997 1934 ubi
1019 1896 1206 1934 vocabula
1236 1899 1389 1934 tantum
1420 1895 1531 1932 diffe-

44 1973 153 2018 runt,
185 1982 262 2007 non
294 1981 366 2007 res.

165 2039 265 2078 Cum
297 2039 400 2077 enim
421 2038 531 2088 Apol.
566 2038 589 2089 §
614 2038 652 2082 2.
670 2039 847 2087 legamus
885 2034 1018 2089 ,,ὁρῶν
1039 2032 1167 2075 αὐτὸν
1199 2067 1206 2074 .
1231 2066 1238 2074 .
1262 2066 1269 2073 .
1294 2066 1301 2074 .
1335 2031 1532 2087 διαλεγό-

44 2110 209 2161 μενονίι,
241 2111 356 2148 Μο111.
378 2109 437 2147 IV
461 2111 497 2158 8,
523 2118 546 2151 4
576 2109 800 2147 invenimus
837 2104 1028 2160 „dnodwv
1060 2103 1190 2146 αὐτοῦ
1221 2101 1532 2158 διαλεγομένου.

45 2181 174 2220 Facile
211 2185 251 2219 te
288 2180 386 2218 mihi
425 2192 538 2229 spero
582 2192 859 2218 concessurum
903 2190 989 2217 esse
1032 2178 1204 2228 primum
1247 2177 1424 2215 consulto
1468 2176 1532 2214 hic

46 2253 189 2291 factam
225 2252 480 2289 mutationem
520 2274 574 2278 —
613 2251 764 2300 reliqua
801 2250 906 2288 enim
950 2261 1073 2300 paene
1110 2250 1159 2288 ad
1196 2249 1357 2286 verbum
1396 2247 1534 2285 eadem

48 2326 139 2361 sunt
177 2345 250 2371 —-,
287 2325 372 2359 tum
410 2321 522 2370 Apol.
555 2321 789 2359 vocabulum
826 2321 958 2358 minus
990 2332 1077 2358 esse
1108 2321 1350 2366 accuratum,
1387 2318 1532 2367 itaque,

47 2394 80 2432 si
117 2393 216 2431 alter
252 2405 338 2430 eam
374 2392 512 2430 habuit
547 2391 793 2440 exemplum,
833 2403 991 2429 causam
1028 2391 1204 2429 adfuisse
1237 2413 1292 2417 —
1323 2389 1417 2427 licet
1456 2400 1532 2426 non

46 2464 122 2502 nisi
153 2463 302 2501 homini
338 2462 422 2500 ludi
458 2462 527 2500 1110
565 2462 754 2511 magistro
788 2461 993 2511 Sophoclis
1031 2461 1263 2510 castigatore
1294 2472 1371 2498 non
1401 2459 1532 2496 minus

47 2535 183 2584 putido
222 2556 277 2561 —
315 2546 386 2571 cur
422 2536 656 2582 mutaretur,
701 2545 808 2580 cum,
853 2532 885 2569 si
923 2533 970 2570 ab
1008 2531 1120 2569 initio
1158 2527 1324 2569 ἀκούων
1360 2529 1533 2579 positum

46 2605 203 2653 fuisset,
240 2605 418 2641 futurum
455 2603 595 2652 fuisse,
633 2607 677 2640 ut
714 2603 928 2653 quidquam
967 2605 1202 2650 mutaretur,
1240 2613 1290 2639 ne
1328 2600 1533 2638 minimum

48 2675 205 2725 quidem
237 2674 451 2712 verisimile
485 2673 546 2712 sit.

167 2813 201 2855 1)
229 2811 395 2848 Ceterum
413 2811 562 2846 verbum
574 2810 842 2857 χρησμῳδῆσαι
862 2821 933 2844 11011
950 2809 1092 2853 propria
1110 2819 1174 2843 sua
1190 2808 1241 2851 vi,
1269 2808 1332 2842 sed
1350 2807 1533 2842 ludentem

50 2871 148 2916 quasi
185 2882 318 2915 ponere
357 2872 537 2905 auctorem
575 2870 755 2904 neminem
788 2870 904 2913 potest
935 2869 1072 2913 fugere.
1130 2867 1196 2910 Qui
1229 2867 1335 2911 igitur
1360 2866 1443 2900 Wil.
1470 2866 1492 2899 1.
1511 2865 1532 2899 1.

49 2942 81 2974 p.
98 2931 164 2966 105
184 2930 226 2964 de
247 2928 581 2974 „Prophetengabe“
602 2928 713 2972 possit
730 2928 820 2963 serio
838 2927 950 2971 loqui,
975 2937 1098 2971 parum
1118 2937 1176 2961 me
1195 2925 1334 2970 assequi
1354 2925 1533 2969 profiteor.
