<?xml version="1.0" encoding="UTF-8"?>
<!DOCTYPE html PUBLIC "-//W3C//DTD XHTML 1.0 Transitional//EN"
    "http://www.w3.org/TR/xhtml1/DTD/xhtml1-transitional.dtd">
<html xmlns="http://www.w3.org/1999/xhtml" xml:lang="en" lang="en">
 <head>
  <title>
</title>
<meta http-equiv="Content-Type" content="text/html;charset=utf-8" />
  <meta name='ocr-system' content='tesseract 3.04.00' />
  <meta name='ocr-capabilities' content='ocr_page ocr_carea ocr_par ocr_line ocrx_word'/>
</head>
<body>
  <div class='ocr_page' id='page_1' title='image "./xenophontisqvaef00fricuoft_0135.png"; bbox 0 0 1820 3340; ppageno 0'>
   <div class='ocr_carea' id='block_1_1' title="bbox 1431 279 1510 316">
    <p class='ocr_par' dir='ltr' id='par_1_1' title="bbox 1431 279 1510 316">
     <span class='ocr_line' id='line_1_1' title="bbox 1431 279 1510 316; baseline 0 0"><span class='ocrx_word' id='word_1_1' title='bbox 1431 279 1510 316; x_wconf 82' lang='grc'><em>131</em></span> 
     </span>
    </p>
   </div>
   <div class='ocr_carea' id='block_1_2' title="bbox 14 392 1513 2353">
    <p class='ocr_par' dir='ltr' id='par_1_2' title="bbox 25 392 1513 1214">
     <span class='ocr_line' id='line_1_2' title="bbox 151 392 1513 443; baseline 0.001 -11"><span class='ocrx_word' id='word_1_2' title='bbox 151 393 327 432; x_wconf 86' lang='lat' dir='ltr'>Laudato</span> <span class='ocrx_word' id='word_1_3' title='bbox 359 392 520 441; x_wconf 79' lang='lat' dir='ltr'><em>deinde,</em></span> <span class='ocrx_word' id='word_1_4' title='bbox 558 393 662 443; x_wconf 83' lang='lat' dir='ltr'><em>quod</em></span> <span class='ocrx_word' id='word_1_5' title='bbox 694 393 958 432; x_wconf 87' lang='lat' dir='ltr'><em>Schneiderus</em></span> <span class='ocrx_word' id='word_1_6' title='bbox 994 393 1043 431; x_wconf 86' lang='lat' dir='ltr'><em>ad</em></span> <span class='ocrx_word' id='word_1_7' title='bbox 1076 392 1099 443; x_wconf 64' lang='grc' dir='ltr'>ἓ</span> <span class='ocrx_word' id='word_1_8' title='bbox 1125 395 1148 432; x_wconf 89' lang='grc'><strong>6</strong></span> <span class='ocrx_word' id='word_1_9' title='bbox 1186 398 1403 443; x_wconf 75' lang='lat' dir='ltr'><em>notaverat,</em></span> <span class='ocrx_word' id='word_1_10' title='bbox 1444 395 1513 433; x_wconf 87' lang='lat' dir='ltr'><em>So-</em></span> 
     </span>
     <span class='ocr_line' id='line_1_3' title="bbox 29 463 1513 514; baseline 0 -12"><span class='ocrx_word' id='word_1_11' title='bbox 29 467 190 510; x_wconf 77' lang='lat' dir='ltr'><em>cratem,</em></span> <span class='ocrx_word' id='word_1_12' title='bbox 223 475 320 513; x_wconf 78' lang='lat' dir='ltr'><em>quae</em></span> <span class='ocrx_word' id='word_1_13' title='bbox 350 463 407 500; x_wconf 90' lang='lat' dir='ltr'><em>ibi</em></span> <span class='ocrx_word' id='word_1_14' title='bbox 436 463 480 501; x_wconf 91' lang='lat' dir='ltr'><em>de</em></span> <span class='ocrx_word' id='word_1_15' title='bbox 510 467 698 501; x_wconf 78' lang='lat' dir='ltr'><em>senectute</em></span> <span class='ocrx_word' id='word_1_16' title='bbox 728 464 878 509; x_wconf 88' lang='lat' dir='ltr'><em>diceret,</em></span> <span class='ocrx_word' id='word_1_17' title='bbox 917 475 1046 501; x_wconf 86' lang='lat' dir='ltr'><em>senem</em></span> <span class='ocrx_word' id='word_1_18' title='bbox 1076 464 1211 513; x_wconf 86' lang='lat' dir='ltr'><em>ipsum</em></span> <span class='ocrx_word' id='word_1_19' title='bbox 1234 464 1332 513; x_wconf 83' lang='lat' dir='ltr'><em>plus</em></span> <span class='ocrx_word' id='word_1_20' title='bbox 1362 468 1513 514; x_wconf 84' lang='lat' dir='ltr'><em>septua-</em></span> 
     </span>
     <span class='ocr_line' id='line_1_4' title="bbox 27 533 1513 584; baseline 0 -12"><span class='ocrx_word' id='word_1_21' title='bbox 27 534 141 583; x_wconf 74' lang='lat' dir='ltr'><em>yinta</em></span> <span class='ocrx_word' id='word_1_22' title='bbox 161 545 360 572; x_wconf 85' lang='lat' dir='ltr'><em>annorum</em></span> <span class='ocrx_word' id='word_1_23' title='bbox 382 533 502 571; x_wconf 81' lang='lat' dir='ltr'><em>dicere</em></span> <span class='ocrx_word' id='word_1_24' title='bbox 523 546 605 571; x_wconf 91' lang='lat' dir='ltr'><em>non</em></span> <span class='ocrx_word' id='word_1_25' title='bbox 618 534 796 583; x_wconf 84' lang='lat' dir='ltr'><em>potuisse</em></span> <span class='ocrx_word' id='word_1_26' title='bbox 807 533 850 583; x_wconf 83' lang='lat'><em>1),</em></span> <span class='ocrx_word' id='word_1_27' title='bbox 877 533 962 582; x_wconf 89' lang='lat' dir='ltr'><em>ipse</em></span> <span class='ocrx_word' id='word_1_28' title='bbox 983 533 1057 571; x_wconf 90' lang='lat' dir='ltr'><em>hoc</em></span> <span class='ocrx_word' id='word_1_29' title='bbox 1077 534 1188 571; x_wconf 81' lang='lat' dir='ltr'><em>addit</em></span> <span class='ocrx_word' id='word_1_30' title='bbox 1207 547 1255 572; x_wconf 92' lang='lat' dir='ltr'><em>ne</em></span> <span class='ocrx_word' id='word_1_31' title='bbox 1277 534 1513 584; x_wconf 76' lang='lat' dir='ltr'><em>discipulum</em></span> 
     </span>
     <span class='ocr_line' id='line_1_5' title="bbox 29 603 1513 654; baseline 0.001 -12"><span class='ocrx_word' id='word_1_32' title='bbox 29 604 183 653; x_wconf 82' lang='lat' dir='ltr'><em>quidem</em></span> <span class='ocrx_word' id='word_1_33' title='bbox 216 603 386 642; x_wconf 84' lang='lat' dir='ltr'><em>Socratis</em></span> <span class='ocrx_word' id='word_1_34' title='bbox 417 604 452 641; x_wconf 91' lang='lat' dir='ltr'><em>ei</em></span> <span class='ocrx_word' id='word_1_35' title='bbox 482 603 551 641; x_wconf 89' lang='lat' dir='ltr'><em>illa</em></span> <span class='ocrx_word' id='word_1_36' title='bbox 573 604 752 653; x_wconf 86' lang='lat' dir='ltr'><em>potuisse</em></span> <span class='ocrx_word' id='word_1_37' title='bbox 773 603 951 653; x_wconf 73' lang='lat' dir='ltr'><em>tribuere,</em></span> <span class='ocrx_word' id='word_1_38' title='bbox 976 605 1208 653; x_wconf 69' lang='lat' dir='ltr'><em>praesertim</em></span> <span class='ocrx_word' id='word_1_39' title='bbox 1230 617 1319 642; x_wconf 86' lang='lat' dir='ltr'><em>cum</em></span> <span class='ocrx_word' id='word_1_40' title='bbox 1352 606 1513 654; x_wconf 69' lang='lat' dir='ltr'><em>‘ampli-</em></span> 
     </span>
     <span class='ocr_line' id='line_1_6' title="bbox 27 672 1512 724; baseline 0.001 -13"><span class='ocrx_word' id='word_1_41' title='bbox 27 673 185 723; x_wconf 73' lang='lat' dir='ltr'><em>ficantis</em></span> <span class='ocrx_word' id='word_1_42' title='bbox 215 677 250 711; x_wconf 89' lang='lat' dir='ltr'><em>et</em></span> <span class='ocrx_word' id='word_1_43' title='bbox 270 674 536 722; x_wconf 68' lang='lat' dir='ltr'><em>exaqyerantis</em></span> <span class='ocrx_word' id='word_1_44' title='bbox 556 673 756 723; x_wconf 83' lang='lat' dir='ltr'><em>scriptoris</em></span> <span class='ocrx_word' id='word_1_45' title='bbox 776 672 954 722; x_wconf 70' lang='lat' dir='ltr'><em>vestiqia’</em></span> <span class='ocrx_word' id='word_1_46' title='bbox 986 674 1031 711; x_wconf 88' lang='lat' dir='ltr'><em>in</em></span> <span class='ocrx_word' id='word_1_47' title='bbox 1052 675 1140 711; x_wconf 80' lang='lat' dir='ltr'><em>istis</em></span> <span class='ocrx_word' id='word_1_48' title='bbox 1160 675 1283 712; x_wconf 74' lang='lat' dir='ltr'><em>verbis</em></span> <span class='ocrx_word' id='word_1_49' title='bbox 1303 680 1512 724; x_wconf 74' lang='lat' dir='ltr'><em>appareant</em></span> 
     </span>
     <span class='ocr_line' id='line_1_7' title="bbox 28 742 1511 795; baseline 0.001 -13"><span class='ocrx_word' id='word_1_50' title='bbox 28 745 79 793; x_wconf 81' lang='lat' dir='ltr'><em>(p.</em></span> <span class='ocrx_word' id='word_1_51' title='bbox 106 742 185 794; x_wconf 82' lang='grc'><em>12).</em></span> <span class='ocrx_word' id='word_1_52' title='bbox 246 743 367 781; x_wconf 86' lang='lat' dir='ltr'><em>Porro</em></span> <span class='ocrx_word' id='word_1_53' title='bbox 388 747 584 781; x_wconf 79' lang='lat' dir='ltr'><em>auctorem</em></span> <span class='ocrx_word' id='word_1_54' title='bbox 606 747 809 793; x_wconf 79' lang='lat' dir='ltr'><em>propterea</em></span> <span class='ocrx_word' id='word_1_55' title='bbox 831 745 1014 792; x_wconf 85' lang='lat' dir='ltr'><em>castigat,</em></span> <span class='ocrx_word' id='word_1_56' title='bbox 1046 745 1150 794; x_wconf 86' lang='lat' dir='ltr'><em>quod</em></span> <span class='ocrx_word' id='word_1_57' title='bbox 1170 745 1261 794; x_wconf 88' lang='lat' dir='ltr'><em>plus</em></span> <span class='ocrx_word' id='word_1_58' title='bbox 1283 745 1364 794; x_wconf 83' lang='lat' dir='ltr'><em>dat,</em></span> <span class='ocrx_word' id='word_1_59' title='bbox 1394 758 1511 795; x_wconf 81' lang='lat' dir='ltr'><em>quam</em></span> 
     </span>
     <span class='ocr_line' id='line_1_8' title="bbox 28 813 1513 865; baseline 0.001 -14"><span class='ocrx_word' id='word_1_60' title='bbox 28 813 98 865; x_wconf 77' lang='lat'><em>§1</em></span> <span class='ocrx_word' id='word_1_61' title='bbox 137 813 338 863; x_wconf 77' lang='lat' dir='ltr'>pollicitus</span> <span class='ocrx_word' id='word_1_62' title='bbox 381 817 458 852; x_wconf 84' lang='lat' dir='ltr'><em>est:</em></span> <span class='ocrx_word' id='word_1_63' title='bbox 503 814 636 862; x_wconf 86' lang='lat' dir='ltr'><em>ipsum</em></span> <span class='ocrx_word' id='word_1_64' title='bbox 674 815 704 863; x_wconf 59' lang='grc' dir='ltr'><em>ἕ</em></span> <span class='ocrx_word' id='word_1_65' title='bbox 733 814 792 851; x_wconf 91' lang='grc'><em>22</em></span> <span class='ocrx_word' id='word_1_66' title='bbox 821 814 1005 863; x_wconf 75' lang='lat' dir='ltr'><em>profiteri</em></span> <span class='ocrx_word' id='word_1_67' title='bbox 1046 826 1085 851; x_wconf 89' lang='lat' dir='ltr'><em>se</em></span> <span class='ocrx_word' id='word_1_68' title='bbox 1114 818 1270 864; x_wconf 84' lang='lat' dir='ltr'><em>praeter</em></span> <span class='ocrx_word' id='word_1_69' title='bbox 1303 815 1362 862; x_wconf 83' lang='lat' dir='ltr'><em>id,</em></span> <span class='ocrx_word' id='word_1_70' title='bbox 1411 817 1513 865; x_wconf 79' lang='lat' dir='ltr'><em>quod</em></span> 
     </span>
     <span class='ocr_line' id='line_1_9' title="bbox 31 883 1511 935; baseline 0.001 -14"><span class='ocrx_word' id='word_1_71' title='bbox 31 884 147 921; x_wconf 79' lang='lat' dir='ltr'><em>initio</em></span> <span class='ocrx_word' id='word_1_72' title='bbox 171 884 458 932; x_wconf 72' lang='lat' dir='ltr'><em>proposuisset,</em></span> <span class='ocrx_word' id='word_1_73' title='bbox 503 883 614 921; x_wconf 78' lang='lat' dir='ltr'><em>aliud</em></span> <span class='ocrx_word' id='word_1_74' title='bbox 642 883 855 922; x_wconf 82' lang='lat' dir='ltr'><em>cons-ilium</em></span> <span class='ocrx_word' id='word_1_75' title='bbox 892 887 1068 922; x_wconf 90' lang='lat' dir='ltr'><em>secutum</em></span> <span class='ocrx_word' id='word_1_76' title='bbox 1111 897 1214 931; x_wconf 79' lang='lat' dir='ltr'><em>esse‚·</em></span> <span class='ocrx_word' id='word_1_77' title='bbox 1257 897 1301 923; x_wconf 89' lang='lat' dir='ltr'><em>ac</em></span> <span class='ocrx_word' id='word_1_78' title='bbox 1329 886 1450 935; x_wconf 88' lang='lat' dir='ltr'><em>plane</em></span> <span class='ocrx_word' id='word_1_79' title='bbox 1487 899 1511 923; x_wconf 92' lang='lat' dir='ltr'><em>a</em></span> 
     </span>
     <span class='ocr_line' id='line_1_10' title="bbox 25 953 1510 1003; baseline 0.001 -12"><span class='ocrx_word' id='word_1_80' title='bbox 25 954 188 992; x_wconf 82' lang='lat' dir='ltr'><em>consilio</em></span> <span class='ocrx_word' id='word_1_81' title='bbox 218 954 264 991; x_wconf 89' lang='lat' dir='ltr'><em>in</em></span> <span class='ocrx_word' id='word_1_82' title='bbox 289 954 485 1003; x_wconf 82' lang='lat' dir='ltr'><em>principio</em></span> <span class='ocrx_word' id='word_1_83' title='bbox 516 953 687 992; x_wconf 89' lang='lat' dir='ltr'><em>indicato</em></span> <span class='ocrx_word' id='word_1_84' title='bbox 718 967 762 992; x_wconf 89' lang='lat' dir='ltr'><em>ea</em></span> <span class='ocrx_word' id='word_1_85' title='bbox 792 954 992 992; x_wconf 76' lang='lat' dir='ltr'><em>abhorrere</em></span> <span class='ocrx_word' id='word_1_86' title='bbox 1013 967 1110 1003; x_wconf 78' lang='lat' dir='ltr'><em>quae</em></span> <span class='ocrx_word' id='word_1_87' title='bbox 1139 955 1309 993; x_wconf 86' lang='lat' dir='ltr'><em>libellum</em></span> <span class='ocrx_word' id='word_1_88' title='bbox 1330 955 1510 993; x_wconf 78' lang='lat' dir='ltr'><em>claudant</em></span> 
     </span>
     <span class='ocr_line' id='line_1_11' title="bbox 28 1022 1506 1075; baseline 0.002 -14"><span class='ocrx_word' id='word_1_89' title='bbox 28 1022 70 1075; x_wconf 63' lang='grc' dir='ltr'><em>ζξ</em></span> <span class='ocrx_word' id='word_1_90' title='bbox 93 1025 147 1062; x_wconf 83' lang='grc'><em>27</em></span> <span class='ocrx_word' id='word_1_91' title='bbox 164 1027 243 1073; x_wconf 64' lang='lat' dir='ltr'><em>ss).</em></span> <span class='ocrx_word' id='word_1_92' title='bbox 303 1023 427 1062; x_wconf 79' lang='lat' dir='ltr'><em>‘Satis</em></span> <span class='ocrx_word' id='word_1_93' title='bbox 460 1024 529 1062; x_wconf 81' lang='lat' dir='ltr'><em>hoc</em></span> <span class='ocrx_word' id='word_1_94' title='bbox 566 1024 786 1062; x_wconf 76' lang='lat' dir='ltr'><em>documenti</em></span> <span class='ocrx_word' id='word_1_95' title='bbox 821 1028 895 1071; x_wconf 86' lang='lat' dir='ltr'><em>est,</em></span> <span class='ocrx_word' id='word_1_96' title='bbox 933 1025 1079 1074; x_wconf 81' lang='lat' dir='ltr'><em>inquit⁷</em></span> <span class='ocrx_word' id='word_1_97' title='bbox 1120 1026 1342 1074; x_wconf 77' lang='lat' dir='ltr'><em>scriptorem</em></span> <span class='ocrx_word' id='word_1_98' title='bbox 1377 1026 1506 1073; x_wconf 75' lang='lat' dir='ltr'><em>illum,</em></span> 
     </span>
     <span class='ocr_line' id='line_1_12' title="bbox 26 1094 1508 1147; baseline 0.001 -15"><span class='ocrx_word' id='word_1_99' title='bbox 26 1095 96 1143; x_wconf 80' lang='lat' dir='ltr'><em>qui</em></span> <span class='ocrx_word' id='word_1_100' title='bbox 131 1094 262 1132; x_wconf 71' lang='lat' dir='ltr'><em>varias</em></span> <span class='ocrx_word' id='word_1_101' title='bbox 298 1107 358 1132; x_wconf 89' lang='lat' dir='ltr'><em>res</em></span> <span class='ocrx_word' id='word_1_102' title='bbox 394 1095 643 1141; x_wconf 73' lang='lat' dir='ltr'><em>coacervavit,</em></span> <span class='ocrx_word' id='word_1_103' title='bbox 682 1094 783 1132; x_wconf 89' lang='lat' dir='ltr'><em>male</em></span> <span class='ocrx_word' id='word_1_104' title='bbox 819 1107 963 1132; x_wconf 89' lang='lat' dir='ltr'><em>sanum</em></span> <span class='ocrx_word' id='word_1_105' title='bbox 974 1095 1003 1143; x_wconf 77' lang='lat'><em>²)</em></span> <span class='ocrx_word' id='word_1_106' title='bbox 1040 1095 1184 1143; x_wconf 83' lang='lat' dir='ltr'><em>fuisse&#39;</em></span> <span class='ocrx_word' id='word_1_107' title='bbox 1227 1095 1279 1145; x_wconf 86' lang='lat' dir='ltr'><em>(p.</em></span> <span class='ocrx_word' id='word_1_108' title='bbox 1305 1098 1508 1147; x_wconf 82' lang='lat'>13—14).</span> 
     </span>
     <span class='ocr_line' id='line_1_13' title="bbox 26 1163 1070 1214; baseline 0.001 -12"><span class='ocrx_word' id='word_1_109' title='bbox 26 1163 133 1211; x_wconf 79' lang='lat' dir='ltr'><em>Quae</em></span> <span class='ocrx_word' id='word_1_110' title='bbox 164 1165 300 1214; x_wconf 85' lang='lat' dir='ltr'><em>quanti</em></span> <span class='ocrx_word' id='word_1_111' title='bbox 332 1165 510 1202; x_wconf 81' lang='lat' dir='ltr'><em>facienda</em></span> <span class='ocrx_word' id='word_1_112' title='bbox 541 1165 638 1213; x_wconf 86' lang='lat' dir='ltr'><em>sint,</em></span> <span class='ocrx_word' id='word_1_113' title='bbox 670 1165 785 1202; x_wconf 87' lang='lat' dir='ltr'><em>facile</em></span> <span class='ocrx_word' id='word_1_114' title='bbox 817 1165 1070 1214; x_wconf 85' lang='lat' dir='ltr'><em>intellegitur.</em></span> 
     </span>
    </p>

    <p class='ocr_par' dir='ltr' id='par_1_3' title="bbox 14 1247 1508 2353">
     <span class='ocr_line' id='line_1_14' title="bbox 141 1247 1507 1297; baseline 0.002 -13"><span class='ocrx_word' id='word_1_115' title='bbox 141 1247 214 1284; x_wconf 88' lang='lat' dir='ltr'><em>His</em></span> <span class='ocrx_word' id='word_1_116' title='bbox 245 1247 321 1285; x_wconf 87' lang='lat' dir='ltr'><em>alia</em></span> <span class='ocrx_word' id='word_1_117' title='bbox 351 1247 573 1284; x_wconf 86' lang='lat' dir='ltr'><em>adiciuntur</em></span> <span class='ocrx_word' id='word_1_118' title='bbox 603 1247 652 1284; x_wconf 89' lang='lat' dir='ltr'><em>ad</em></span> <span class='ocrx_word' id='word_1_119' title='bbox 683 1247 992 1285; x_wconf 79' lang='lat' dir='ltr'><em>labefactandam</em></span> <span class='ocrx_word' id='word_1_120' title='bbox 1024 1247 1208 1297; x_wconf 77' lang='lat' dir='ltr'><em>colloquii</em></span> <span class='ocrx_word' id='word_1_121' title='bbox 1238 1248 1346 1286; x_wconf 80' lang='lat' dir='ltr'><em>illius</em></span> <span class='ocrx_word' id='word_1_122' title='bbox 1378 1249 1507 1287; x_wconf 90' lang='lat' dir='ltr'><em>fidem.</em></span> 
     </span>
     <span class='ocr_line' id='line_1_15' title="bbox 23 1316 1506 1366; baseline 0.002 -12"><span class='ocrx_word' id='word_1_123' title='bbox 23 1316 300 1356; x_wconf 86' lang='lat' dir='ltr'><em>Defensionem</em></span> <span class='ocrx_word' id='word_1_124' title='bbox 334 1329 420 1355; x_wconf 87' lang='lat' dir='ltr'><em>sese</em></span> <span class='ocrx_word' id='word_1_125' title='bbox 451 1322 682 1366; x_wconf 79' lang='lat' dir='ltr'><em>paraturum</em></span> <span class='ocrx_word' id='word_1_126' title='bbox 712 1317 835 1355; x_wconf 86' lang='lat' dir='ltr'><em>fuisse</em></span> <span class='ocrx_word' id='word_1_127' title='bbox 868 1317 984 1355; x_wconf 82' lang='lat' dir='ltr'><em>fateri</em></span> <span class='ocrx_word' id='word_1_128' title='bbox 1006 1318 1205 1356; x_wconf 82' lang='lat' dir='ltr'><em>Socratem</em></span> <span class='ocrx_word' id='word_1_129' title='bbox 1225 1318 1390 1357; x_wconf 85' lang='lat' dir='ltr'><em>moleste</em></span> <span class='ocrx_word' id='word_1_130' title='bbox 1411 1320 1506 1357; x_wconf 83' lang='lat' dir='ltr'><em>fert:</em></span> 
     </span>
     <span class='ocr_line' id='line_1_16' title="bbox 24 1387 1508 1439; baseline 0.001 -13"><span class='ocrx_word' id='word_1_131' title='bbox 24 1400 114 1425; x_wconf 88' lang='lat' dir='ltr'><em>nam</em></span> <span class='ocrx_word' id='word_1_132' title='bbox 147 1387 340 1435; x_wconf 78' lang='lat' dir='ltr'><em>‘Socrate,</em></span> <span class='ocrx_word' id='word_1_133' title='bbox 372 1387 517 1437; x_wconf 78' lang='lat' dir='ltr'><em>inquit,</em></span> <span class='ocrx_word' id='word_1_134' title='bbox 549 1388 614 1425; x_wconf 90' lang='lat' dir='ltr'><em>cui</em></span> <span class='ocrx_word' id='word_1_135' title='bbox 636 1400 876 1437; x_wconf 49' lang='lat' dir='ltr'><em>persuasum&gt;</em></span> <span class='ocrx_word' id='word_1_136' title='bbox 907 1392 986 1425; x_wconf 89' lang='lat' dir='ltr'><em>erat</em></span> <span class='ocrx_word' id='word_1_137' title='bbox 1016 1391 1180 1426; x_wconf 85' lang='lat' dir='ltr'><em>mortem</em></span> <span class='ocrx_word' id='word_1_138' title='bbox 1203 1392 1294 1426; x_wconf 85' lang='lat' dir='ltr'><em>tunc</em></span> <span class='ocrx_word' id='word_1_139' title='bbox 1325 1391 1508 1439; x_wconf 84' lang='lat' dir='ltr'><em>temporis</em></span> 
     </span>
     <span class='ocr_line' id='line_1_17' title="bbox 22 1457 1507 1508; baseline 0.001 -13"><span class='ocrx_word' id='word_1_140' title='bbox 22 1458 122 1496; x_wconf 77' lang='lat' dir='ltr'><em>vitae</em></span> <span class='ocrx_word' id='word_1_141' title='bbox 144 1457 446 1507; x_wconf 83' lang='lat' dir='ltr'><em>praeferendam</em></span> <span class='ocrx_word' id='word_1_142' title='bbox 477 1470 573 1508; x_wconf 80' lang='lat' dir='ltr'><em>esse,</em></span> <span class='ocrx_word' id='word_1_143' title='bbox 612 1458 726 1506; x_wconf 86' lang='lat' dir='ltr'><em>plane</em></span> <span class='ocrx_word' id='word_1_144' title='bbox 757 1458 967 1507; x_wconf 70' lang='lat' dir='ltr'><em>indiqnum</em></span> <span class='ocrx_word' id='word_1_145' title='bbox 1005 1462 1084 1496; x_wconf 80' lang='lat' dir='ltr'><em>erat</em></span> <span class='ocrx_word' id='word_1_146' title='bbox 1122 1471 1208 1496; x_wconf 89' lang='lat' dir='ltr'><em>eam</em></span> <span class='ocrx_word' id='word_1_147' title='bbox 1245 1459 1507 1508; x_wconf 74' lang='lat' dir='ltr'><em>defensionem</em></span> 
     </span>
     <span class='ocr_line' id='line_1_18' title="bbox 23 1528 1508 1579; baseline 0.001 -13"><span class='ocrx_word' id='word_1_148' title='bbox 23 1529 250 1577; x_wconf 61' lang='lat' dir='ltr'><em>excogitare,</em></span> <span class='ocrx_word' id='word_1_149' title='bbox 284 1540 362 1577; x_wconf 82' lang='lat' dir='ltr'><em>qua</em></span> <span class='ocrx_word' id='word_1_150' title='bbox 392 1528 538 1566; x_wconf 84' lang='lat' dir='ltr'><em>iudices</em></span> <span class='ocrx_word' id='word_1_151' title='bbox 559 1532 807 1566; x_wconf 70' lang='lat' dir='ltr'><em>commoveret</em></span> <span class='ocrx_word' id='word_1_152' title='bbox 838 1532 882 1566; x_wconf 95' lang='lat' dir='ltr'><em>ut</em></span> <span class='ocrx_word' id='word_1_153' title='bbox 903 1541 942 1566; x_wconf 87' lang='lat' dir='ltr'><em>se</em></span> <span class='ocrx_word' id='word_1_154' title='bbox 962 1529 1212 1566; x_wconf 74' lang='lat' dir='ltr'><em>absolverent’</em></span> <span class='ocrx_word' id='word_1_155' title='bbox 1244 1529 1294 1579; x_wconf 91' lang='lat' dir='ltr'><em>(p.</em></span> <span class='ocrx_word' id='word_1_156' title='bbox 1320 1530 1400 1577; x_wconf 86' lang='grc'>15).</span> <span class='ocrx_word' id='word_1_157' title='bbox 1456 1532 1508 1568; x_wconf 84' lang='lat' dir='ltr'><em>At</em></span> 
     </span>
     <span class='ocr_line' id='line_1_19' title="bbox 23 1598 1507 1648; baseline 0.001 -11"><span class='ocrx_word' id='word_1_158' title='bbox 23 1610 150 1637; x_wconf 89' lang='lat' dir='ltr'><em>nonne</em></span> <span class='ocrx_word' id='word_1_159' title='bbox 181 1599 371 1637; x_wconf 85' lang='lat' dir='ltr'><em>monitum</em></span> <span class='ocrx_word' id='word_1_160' title='bbox 402 1598 562 1636; x_wconf 87' lang='lat' dir='ltr'><em>demum</em></span> <span class='ocrx_word' id='word_1_161' title='bbox 593 1611 615 1636; x_wconf 88' lang='lat' dir='ltr'><em>a</em></span> <span class='ocrx_word' id='word_1_162' title='bbox 646 1599 718 1636; x_wconf 87' lang='lat' dir='ltr'><em>deo</em></span> <span class='ocrx_word' id='word_1_163' title='bbox 750 1598 844 1648; x_wconf 88' lang='lat' dir='ltr'><em>quid</em></span> <span class='ocrx_word' id='word_1_164' title='bbox 877 1611 966 1637; x_wconf 79' lang='lat' dir='ltr'><em>vere</em></span> <span class='ocrx_word' id='word_1_165' title='bbox 988 1611 1058 1637; x_wconf 84' lang='lat' dir='ltr'><em>sua</em></span> <span class='ocrx_word' id='word_1_166' title='bbox 1078 1599 1288 1637; x_wconf 81' lang='lat' dir='ltr'><em>interesset</em></span> <span class='ocrx_word' id='word_1_167' title='bbox 1311 1599 1507 1639; x_wconf 85' lang='lat' dir='ltr'><em>Socratem</em></span> 
     </span>
     <span class='ocr_line' id='line_1_20' title="bbox 23 1668 1506 1718; baseline 0.001 -11"><span class='ocrx_word' id='word_1_168' title='bbox 23 1669 252 1718; x_wconf 81' lang='lat' dir='ltr'><em>cognovisse</em></span> <span class='ocrx_word' id='word_1_169' title='bbox 289 1672 423 1707; x_wconf 86' lang='lat' dir='ltr'><em>auctor</em></span> <span class='ocrx_word' id='word_1_170' title='bbox 453 1668 563 1706; x_wconf 80' lang='lat' dir='ltr'><em>vult?</em></span> <span class='ocrx_word' id='word_1_171' title='bbox 624 1668 725 1706; x_wconf 86' lang='lat' dir='ltr'><em>Tum</em></span> <span class='ocrx_word' id='word_1_172' title='bbox 761 1669 980 1707; x_wconf 82' lang='lat' dir='ltr'><em>incredibile</em></span> <span class='ocrx_word' id='word_1_173' title='bbox 1017 1682 1096 1707; x_wconf 88' lang='lat' dir='ltr'><em>esse</em></span> <span class='ocrx_word' id='word_1_174' title='bbox 1132 1674 1266 1708; x_wconf 88' lang='lat' dir='ltr'><em>monet</em></span> <span class='ocrx_word' id='word_1_175' title='bbox 1303 1670 1506 1709; x_wconf 84' lang='lat' dir='ltr'><em>daemonio</em></span> 
     </span>
     <span class='ocr_line' id='line_1_21' title="bbox 21 1738 1507 1790; baseline 0.001 -14"><span class='ocrx_word' id='word_1_176' title='bbox 21 1739 137 1777; x_wconf 87' lang='lat' dir='ltr'><em>illum</em></span> <span class='ocrx_word' id='word_1_177' title='bbox 167 1751 248 1777; x_wconf 87' lang='lat' dir='ltr'><em>non</em></span> <span class='ocrx_word' id='word_1_178' title='bbox 278 1739 412 1776; x_wconf 87' lang='lat' dir='ltr'><em>statim</em></span> <span class='ocrx_word' id='word_1_179' title='bbox 433 1739 747 1788; x_wconf 71' lang='lat' dir='ltr'><em>obtemperavisse</em></span> <span class='ocrx_word' id='word_1_180' title='bbox 778 1738 828 1789; x_wconf 91' lang='lat' dir='ltr'><em>(p.</em></span> <span class='ocrx_word' id='word_1_181' title='bbox 854 1740 1064 1788; x_wconf 71' lang='lat'>15—16)‚</span> <span class='ocrx_word' id='word_1_182' title='bbox 1097 1743 1131 1777; x_wconf 90' lang='lat' dir='ltr'><em>et</em></span> <span class='ocrx_word' id='word_1_183' title='bbox 1161 1745 1382 1790; x_wconf 84' lang='lat' dir='ltr'><em>comparata</em></span> <span class='ocrx_word' id='word_1_184' title='bbox 1404 1743 1507 1790; x_wconf 80' lang='lat' dir='ltr'><em>Apo-</em></span> 
     </span>
     <span class='ocr_line' id='line_1_22' title="bbox 23 1809 1505 1861; baseline 0.002 -15"><span class='ocrx_word' id='word_1_185' title='bbox 23 1809 125 1858; x_wconf 73' lang='lat' dir='ltr'><em>loyia</em></span> <span class='ocrx_word' id='word_1_186' title='bbox 155 1809 377 1856; x_wconf 80' lang='lat' dir='ltr'><em>Platonica,</em></span> <span class='ocrx_word' id='word_1_187' title='bbox 410 1821 507 1858; x_wconf 82' lang='lat' dir='ltr'><em>quae</em></span> <span class='ocrx_word' id='word_1_188' title='bbox 538 1822 562 1846; x_wconf 87' lang='lat' dir='ltr'><em>a</em></span> <span class='ocrx_word' id='word_1_189' title='bbox 592 1821 680 1847; x_wconf 73' lang='lat' dir='ltr'><em>vera</em></span> <span class='ocrx_word' id='word_1_190' title='bbox 705 1810 877 1847; x_wconf 85' lang='lat' dir='ltr'><em>oratione</em></span> <span class='ocrx_word' id='word_1_191' title='bbox 898 1810 1079 1847; x_wconf 89' lang='lat' dir='ltr'><em>omnium</em></span> <span class='ocrx_word' id='word_1_192' title='bbox 1100 1811 1245 1848; x_wconf 78' lang='lat' dir='ltr'><em>iudicio</em></span> <span class='ocrx_word' id='word_1_193' title='bbox 1266 1811 1367 1849; x_wconf 85' lang='lat' dir='ltr'><em>absit</em></span> <span class='ocrx_word' id='word_1_194' title='bbox 1387 1824 1505 1861; x_wconf 79' lang='lat' dir='ltr'><em>quam</em></span> 
     </span>
     <span class='ocr_line' id='line_1_23' title="bbox 14 1879 1506 1931; baseline 0.002 -14"><span class='ocrx_word' id='word_1_195' title='bbox 14 1880 212 1929; x_wconf 74' lang='lat' dir='ltr'><em>proxime,</em></span> <span class='ocrx_word' id='word_1_196' title='bbox 243 1879 413 1917; x_wconf 72' lang='lat' dir='ltr'><em>dubitari</em></span> <span class='ocrx_word' id='word_1_197' title='bbox 442 1891 524 1917; x_wconf 92' lang='lat' dir='ltr'><em>non</em></span> <span class='ocrx_word' id='word_1_198' title='bbox 547 1892 683 1929; x_wconf 85' lang='lat' dir='ltr'><em>posse,</em></span> <span class='ocrx_word' id='word_1_199' title='bbox 715 1880 813 1929; x_wconf 78' lang='lat' dir='ltr'><em>quin</em></span> <span class='ocrx_word' id='word_1_200' title='bbox 844 1892 917 1917; x_wconf 86' lang='lat' dir='ltr'><em>sua</em></span> <span class='ocrx_word' id='word_1_201' title='bbox 948 1884 1081 1929; x_wconf 74' lang='lat' dir='ltr'><em>‚sponte</em></span> <span class='ocrx_word' id='word_1_202' title='bbox 1112 1881 1173 1918; x_wconf 86' lang='lat' dir='ltr'><em>ille</em></span> <span class='ocrx_word' id='word_1_203' title='bbox 1195 1881 1355 1919; x_wconf 85' lang='lat' dir='ltr'><em>solitum</em></span> <span class='ocrx_word' id='word_1_204' title='bbox 1377 1882 1506 1931; x_wconf 85' lang='lat' dir='ltr'><em>defen-</em></span> 
     </span>
     <span class='ocr_line' id='line_1_24' title="bbox 21 1950 1504 2002; baseline 0.002 -14"><span class='ocrx_word' id='word_1_205' title='bbox 21 1950 147 1988; x_wconf 79' lang='lat' dir='ltr'><em>sionis</em></span> <span class='ocrx_word' id='word_1_206' title='bbox 175 1962 300 1999; x_wconf 71' lang='lat' dir='ltr'><em>9enus</em></span> <span class='ocrx_word' id='word_1_207' title='bbox 330 1953 562 1999; x_wconf 79' lang='lat' dir='ltr'><em>aspernatus</em></span> <span class='ocrx_word' id='word_1_208' title='bbox 592 1950 643 1987; x_wconf 85' lang='lat' dir='ltr'><em>sit</em></span> <span class='ocrx_word' id='word_1_209' title='bbox 673 1962 795 1999; x_wconf 76' lang='lat' dir='ltr'><em>neque</em></span> <span class='ocrx_word' id='word_1_210' title='bbox 826 1950 1029 1988; x_wconf 89' lang='lat' dir='ltr'><em>daemonio</em></span> <span class='ocrx_word' id='word_1_211' title='bbox 1061 1963 1159 1999; x_wconf 86' lang='lat' dir='ltr'><em>opus</em></span> <span class='ocrx_word' id='word_1_212' title='bbox 1189 1951 1310 2000; x_wconf 87' lang='lat' dir='ltr'><em>fuerit</em></span> <span class='ocrx_word' id='word_1_213' title='bbox 1342 1952 1395 2002; x_wconf 76' lang='lat' dir='ltr'><em>(p.</em></span> <span class='ocrx_word' id='word_1_214' title='bbox 1422 1953 1504 2002; x_wconf 88' lang='grc'>16).</span> 
     </span>
     <span class='ocr_line' id='line_1_25' title="bbox 21 2020 1505 2070; baseline 0.002 -12"><span class='ocrx_word' id='word_1_215' title='bbox 21 2020 271 2059; x_wconf 81' lang='lat' dir='ltr'><em>Assentimur</em></span> <span class='ocrx_word' id='word_1_216' title='bbox 314 2020 364 2058; x_wconf 91' lang='lat' dir='ltr'><em>de</em></span> <span class='ocrx_word' id='word_1_217' title='bbox 400 2032 442 2058; x_wconf 92' lang='lat' dir='ltr'><em>re</em></span> <span class='ocrx_word' id='word_1_218' title='bbox 478 2021 580 2070; x_wconf 85' lang='lat' dir='ltr'><em>ipsa,</em></span> <span class='ocrx_word' id='word_1_219' title='bbox 625 2020 696 2058; x_wconf 89' lang='lat' dir='ltr'><em>sed</em></span> <span class='ocrx_word' id='word_1_220' title='bbox 732 2020 1033 2069; x_wconf 86' lang='lat' dir='ltr'><em>Xenophontem</em></span> <span class='ocrx_word' id='word_1_221' title='bbox 1070 2025 1109 2058; x_wconf 85' lang='lat' dir='ltr'><em>et</em></span> <span class='ocrx_word' id='word_1_222' title='bbox 1147 2021 1242 2059; x_wconf 84' lang='lat' dir='ltr'><em>haec</em></span> <span class='ocrx_word' id='word_1_223' title='bbox 1271 2022 1435 2060; x_wconf 78' lang='lat' dir='ltr'><em>finxisse</em></span> <span class='ocrx_word' id='word_1_224' title='bbox 1466 2027 1505 2061; x_wconf 88' lang='lat' dir='ltr'><em>et</em></span> 
     </span>
     <span class='ocr_line' id='line_1_26' title="bbox 21 2090 1504 2142; baseline 0.001 -14"><span class='ocrx_word' id='word_1_225' title='bbox 21 2094 145 2129; x_wconf 91' lang='lat' dir='ltr'><em>totum</em></span> <span class='ocrx_word' id='word_1_226' title='bbox 175 2090 277 2128; x_wconf 91' lang='lat' dir='ltr'><em>illud</em></span> <span class='ocrx_word' id='word_1_227' title='bbox 298 2090 536 2140; x_wconf 83' lang='lat' dir='ltr'><em>colloquium</em></span> <span class='ocrx_word' id='word_1_228' title='bbox 558 2090 865 2129; x_wconf 85' lang='lat' dir='ltr'><em>existimandum</em></span> <span class='ocrx_word' id='word_1_229' title='bbox 887 2103 973 2129; x_wconf 86' lang='lat' dir='ltr'><em>esse</em></span> <span class='ocrx_word' id='word_1_230' title='bbox 994 2091 1212 2141; x_wconf 80' lang='lat' dir='ltr'><em>credimus3</em></span> <span class='ocrx_word' id='word_1_231' title='bbox 1246 2092 1504 2142; x_wconf 81' lang='lat' dir='ltr'><em>similiterque</em></span> 
     </span>
     <span class='ocr_line' id='line_1_27' title="bbox 19 2161 1505 2211; baseline 0.001 -12"><span class='ocrx_word' id='word_1_232' title='bbox 19 2161 239 2200; x_wconf 89' lang='lat' dir='ltr'><em>iudicamus</em></span> <span class='ocrx_word' id='word_1_233' title='bbox 271 2161 377 2211; x_wconf 87' lang='lat' dir='ltr'><em>quod</em></span> <span class='ocrx_word' id='word_1_234' title='bbox 400 2161 545 2210; x_wconf 84' lang='lat' dir='ltr'><em>pusilli</em></span> <span class='ocrx_word' id='word_1_235' title='bbox 575 2161 706 2198; x_wconf 90' lang='lat' dir='ltr'><em>animi</em></span> <span class='ocrx_word' id='word_1_236' title='bbox 746 2161 973 2211; x_wconf 82' lang='lat' dir='ltr'><em>Socrateque</em></span> <span class='ocrx_word' id='word_1_237' title='bbox 1009 2162 1168 2210; x_wconf 67' lang='lat' dir='ltr'><em>indiqni</em></span> <span class='ocrx_word' id='word_1_238' title='bbox 1203 2174 1282 2200; x_wconf 85' lang='lat' dir='ltr'><em>esse</em></span> <span class='ocrx_word' id='word_1_239' title='bbox 1318 2163 1362 2200; x_wconf 95' lang='lat' dir='ltr'><em>ob</em></span> <span class='ocrx_word' id='word_1_240' title='bbox 1401 2163 1505 2200; x_wconf 86' lang='lat' dir='ltr'><em>mala</em></span> 
     </span>
     <span class='ocr_line' id='line_1_28' title="bbox 20 2232 1505 2282; baseline 0.001 -13"><span class='ocrx_word' id='word_1_241' title='bbox 20 2232 224 2269; x_wconf 82' lang='lat' dir='ltr'><em>senectutis</em></span> <span class='ocrx_word' id='word_1_242' title='bbox 254 2232 485 2281; x_wconf 71' lang='lat' dir='ltr'><em>neutiquam.</em></span> <span class='ocrx_word' id='word_1_243' title='bbox 516 2232 731 2269; x_wconf 82' lang='lat' dir='ltr'><em>necessario</em></span> <span class='ocrx_word' id='word_1_244' title='bbox 769 2232 1019 2281; x_wconf 73' lang='lat' dir='ltr'><em>exspectanda</em></span> <span class='ocrx_word' id='word_1_245' title='bbox 1050 2236 1212 2270; x_wconf 78' lang='lat' dir='ltr'><em>mortem</em></span> <span class='ocrx_word' id='word_1_246' title='bbox 1243 2233 1505 2282; x_wconf 86' lang='lat' dir='ltr'><em>concupiscere</em></span> 
     </span>
     <span class='ocr_line' id='line_1_29' title="bbox 20 2300 1504 2353; baseline 0.001 -14"><span class='ocrx_word' id='word_1_247' title='bbox 20 2301 115 2339; x_wconf 85' lang='lat' dir='ltr'><em>dicit</em></span> <span class='ocrx_word' id='word_1_248' title='bbox 145 2300 196 2352; x_wconf 86' lang='lat' dir='ltr'><em>(p.</em></span> <span class='ocrx_word' id='word_1_249' title='bbox 222 2303 427 2352; x_wconf 81' lang='lat'>16—17).</span> <span class='ocrx_word' id='word_1_250' title='bbox 460 2325 516 2329; x_wconf 96' lang='lat'><strong>—</strong></span> <span class='ocrx_word' id='word_1_251' title='bbox 547 2301 633 2340; x_wconf 85' lang='lat' dir='ltr'><em>Iam</em></span> <span class='ocrx_word' id='word_1_252' title='bbox 658 2302 707 2340; x_wconf 85' lang='lat' dir='ltr'><em>ad</em></span> <span class='ocrx_word' id='word_1_253' title='bbox 731 2301 755 2353; x_wconf 64' lang='grc' dir='ltr'>ἓ</span> <span class='ocrx_word' id='word_1_254' title='bbox 781 2304 802 2340; x_wconf 84' lang='lat'>7</span> <span class='ocrx_word' id='word_1_255' title='bbox 827 2302 1016 2352; x_wconf 85' lang='lat' dir='ltr'><em>quaedam</em></span> <span class='ocrx_word' id='word_1_256' title='bbox 1038 2306 1146 2341; x_wconf 83' lang='lat' dir='ltr'><em>notat</em></span> <span class='ocrx_word' id='word_1_257' title='bbox 1176 2302 1364 2353; x_wconf 81' lang='lat' dir='ltr'><em>lepidiora</em></span> <span class='ocrx_word' id='word_1_258' title='bbox 1386 2316 1504 2353; x_wconf 81' lang='lat' dir='ltr'><em>quam</em></span> 
     </span>
    </p>
   </div>
   <div class='ocr_carea' id='block_1_3' title="bbox 18 2450 1502 2555">
    <p class='ocr_par' dir='ltr' id='par_1_4' title="bbox 18 2450 1502 2555">
     <span class='ocr_line' id='line_1_30' title="bbox 138 2450 1502 2496; baseline 0.001 -12"><span class='ocrx_word' id='word_1_259' title='bbox 138 2450 172 2495; x_wconf 90' lang='lat'><em>1)</em></span> <span class='ocrx_word' id='word_1_260' title='bbox 198 2452 246 2484; x_wconf 83' lang='lat' dir='ltr'><em>At</em></span> <span class='ocrx_word' id='word_1_261' title='bbox 272 2450 367 2484; x_wconf 88' lang='lat' dir='ltr'><em>‘luce</em></span> <span class='ocrx_word' id='word_1_262' title='bbox 392 2451 536 2485; x_wconf 86' lang='lat' dir='ltr'><em>clarius</em></span> <span class='ocrx_word' id='word_1_263' title='bbox 567 2454 619 2485; x_wconf 87' lang='lat' dir='ltr'><em>est</em></span> <span class='ocrx_word' id='word_1_264' title='bbox 645 2451 755 2485; x_wconf 86' lang='lat' dir='ltr'><em>illum</em></span> <span class='ocrx_word' id='word_1_265' title='bbox 788 2452 1026 2496; x_wconf 75' lang='grc' dir='ltr'><em>ὠμογέροντα</em></span> <span class='ocrx_word' id='word_1_266' title='bbox 1057 2451 1254 2486; x_wconf 83' lang='lat' dir='ltr'><em>detrectare</em></span> <span class='ocrx_word' id='word_1_267' title='bbox 1285 2455 1502 2487; x_wconf 86' lang='lat' dir='ltr'><em>senectutem</em></span> 
     </span>
     <span class='ocr_line' id='line_1_31' title="bbox 18 2508 1500 2555; baseline 0.001 -11"><span class='ocrx_word' id='word_1_268' title='bbox 18 2509 126 2544; x_wconf 85' lang='lat' dir='ltr'><em>illam</em></span> <span class='ocrx_word' id='word_1_269' title='bbox 150 2508 374 2553; x_wconf 87' lang='lat' dir='ltr'><em>decrepitam</em></span> <span class='ocrx_word' id='word_1_270' title='bbox 399 2520 491 2553; x_wconf 73' lang='lat' dir='ltr'><em>quae</em></span> <span class='ocrx_word' id='word_1_271' title='bbox 521 2520 611 2543; x_wconf 84' lang='lat' dir='ltr'><em>sane</em></span> <span class='ocrx_word' id='word_1_272' title='bbox 636 2509 756 2552; x_wconf 86' lang='lat' dir='ltr'><em>adfert</em></span> <span class='ocrx_word' id='word_1_273' title='bbox 781 2509 858 2543; x_wconf 83' lang='lat' dir='ltr'><em>ista</em></span> <span class='ocrx_word' id='word_1_274' title='bbox 882 2509 1136 2544; x_wconf 83' lang='lat' dir='ltr'><em>incommoda&#39;</em></span> <span class='ocrx_word' id='word_1_275' title='bbox 1171 2510 1354 2554; x_wconf 78' lang='lat' dir='ltr'><em>(Buresch.</em></span> <span class='ocrx_word' id='word_1_276' title='bbox 1382 2523 1414 2555; x_wconf 88' lang='lat' dir='ltr'><em>p.</em></span> <span class='ocrx_word' id='word_1_277' title='bbox 1431 2511 1500 2555; x_wconf 81' lang='lat'>29).</span> 
     </span>
    </p>
   </div>
   <div class='ocr_carea' id='block_1_4' title="bbox 16 2579 1502 2973">
    <p class='ocr_par' dir='ltr' id='par_1_5' title="bbox 16 2579 1502 2973">
     <span class='ocr_line' id='line_1_32' title="bbox 136 2579 1502 2624; baseline 0.001 -11"><span class='ocrx_word' id='word_1_278' title='bbox 136 2579 172 2623; x_wconf 84' lang='lat'><em>2)</em></span> <span class='ocrx_word' id='word_1_279' title='bbox 197 2579 331 2614; x_wconf 88' lang='lat' dir='ltr'><em>Eodem</em></span> <span class='ocrx_word' id='word_1_280' title='bbox 360 2579 419 2613; x_wconf 80' lang='lat' dir='ltr'><em>vel</em></span> <span class='ocrx_word' id='word_1_281' title='bbox 449 2579 581 2614; x_wconf 89' lang='lat' dir='ltr'><em>maiore</em></span> <span class='ocrx_word' id='word_1_282' title='bbox 618 2580 695 2613; x_wconf 84' lang='lat' dir='ltr'><em>iure</em></span> <span class='ocrx_word' id='word_1_283' title='bbox 727 2589 822 2623; x_wconf 87' lang='lat' dir='ltr'><em>eum,</em></span> <span class='ocrx_word' id='word_1_284' title='bbox 861 2580 921 2623; x_wconf 84' lang='lat' dir='ltr'><em>qui</em></span> <span class='ocrx_word' id='word_1_285' title='bbox 958 2580 1026 2614; x_wconf 85' lang='lat' dir='ltr'><em>ista</em></span> <span class='ocrx_word' id='word_1_286' title='bbox 1062 2580 1218 2624; x_wconf 82' lang='lat' dir='ltr'><em>sci-ipsit,</em></span> <span class='ocrx_word' id='word_1_287' title='bbox 1255 2581 1373 2624; x_wconf 86' lang='lat' dir='ltr'><em>ipsum</em></span> <span class='ocrx_word' id='word_1_288' title='bbox 1409 2581 1502 2616; x_wconf 85' lang='lat' dir='ltr'><em>male</em></span> 
     </span>
     <span class='ocr_line' id='line_1_33' title="bbox 18 2637 1500 2682; baseline 0.001 -10"><span class='ocrx_word' id='word_1_289' title='bbox 18 2648 142 2673; x_wconf 86' lang='lat' dir='ltr'><em>sanum</em></span> <span class='ocrx_word' id='word_1_290' title='bbox 162 2637 371 2680; x_wconf 85' lang='lat' dir='ltr'><em>compellare</em></span> <span class='ocrx_word' id='word_1_291' title='bbox 390 2638 520 2682; x_wconf 84' lang='lat' dir='ltr'><em>possis,</em></span> <span class='ocrx_word' id='word_1_292' title='bbox 545 2649 629 2672; x_wconf 86' lang='lat' dir='ltr'><em>nam</em></span> <span class='ocrx_word' id='word_1_293' title='bbox 652 2638 712 2681; x_wconf 75' lang='lat' dir='ltr'><em>iis,</em></span> <span class='ocrx_word' id='word_1_294' title='bbox 740 2648 830 2682; x_wconf 86' lang='lat' dir='ltr'><em>quae</em></span> <span class='ocrx_word' id='word_1_295' title='bbox 854 2647 963 2682; x_wconf 87' lang='lat' dir='ltr'><em>supra</em></span> <span class='ocrx_word' id='word_1_296' title='bbox 987 2638 1223 2682; x_wconf 79' lang='lat' dir='ltr'><em>reddidimus,</em></span> <span class='ocrx_word' id='word_1_297' title='bbox 1249 2639 1420 2673; x_wconf 86' lang='lat' dir='ltr'><em>admiscet</em></span> <span class='ocrx_word' id='word_1_298' title='bbox 1445 2649 1500 2673; x_wconf 85' lang='lat' dir='ltr'><em>res</em></span> 
     </span>
     <span class='ocr_line' id='line_1_34' title="bbox 17 2695 1500 2742; baseline 0 -11"><span class='ocrx_word' id='word_1_299' title='bbox 17 2697 62 2732; x_wconf 82' lang='lat' dir='ltr'><em>ad</em></span> <span class='ocrx_word' id='word_1_300' title='bbox 93 2696 295 2740; x_wconf 76' lang='lat' dir='ltr'><em>consilium,</em></span> <span class='ocrx_word' id='word_1_301' title='bbox 329 2697 424 2741; x_wconf 87' lang='lat' dir='ltr'><em>quod</em></span> <span class='ocrx_word' id='word_1_302' title='bbox 455 2695 523 2730; x_wconf 88' lang='lat' dir='ltr'><em>sibi</em></span> <span class='ocrx_word' id='word_1_303' title='bbox 554 2696 750 2739; x_wconf 82' lang='lat' dir='ltr'><em>constituit,</em></span> <span class='ocrx_word' id='word_1_304' title='bbox 783 2696 1020 2740; x_wconf 84' lang='lat' dir='ltr'><em>coarguendae</em></span> <span class='ocrx_word' id='word_1_305' title='bbox 1051 2696 1242 2741; x_wconf 86' lang='lat' dir='ltr'><em>Apologiae</em></span> <span class='ocrx_word' id='word_1_306' title='bbox 1273 2698 1361 2731; x_wconf 86' lang='lat' dir='ltr'><em>nihil</em></span> <span class='ocrx_word' id='word_1_307' title='bbox 1393 2699 1500 2742; x_wconf 84' lang='lat' dir='ltr'><em>perti-</em></span> 
     </span>
     <span class='ocr_line' id='line_1_35' title="bbox 17 2755 1500 2800; baseline 0 -10"><span class='ocrx_word' id='word_1_308' title='bbox 17 2756 159 2799; x_wconf 87' lang='lat' dir='ltr'><em>nentes,</em></span> <span class='ocrx_word' id='word_1_309' title='bbox 185 2765 266 2789; x_wconf 83' lang='lat' dir='ltr'><em>cum</em></span> <span class='ocrx_word' id='word_1_310' title='bbox 290 2767 324 2800; x_wconf 90' lang='lat' dir='ltr'><em>p.</em></span> <span class='ocrx_word' id='word_1_311' title='bbox 340 2755 484 2790; x_wconf 82' lang='lat'>12—13</span> <span class='ocrx_word' id='word_1_312' title='bbox 511 2755 655 2799; x_wconf 80' lang='lat' dir='ltr'><em>exponit</em></span> <span class='ocrx_word' id='word_1_313' title='bbox 684 2755 825 2789; x_wconf 71' lang='lat' dir='ltr'><em>cocitum</em></span> <span class='ocrx_word' id='word_1_314' title='bbox 857 2755 1160 2789; x_wconf 83' lang='lat' dir='ltr'><em>Memorabilium</em></span> <span class='ocrx_word' id='word_1_315' title='bbox 1191 2755 1338 2789; x_wconf 79' lang='lat' dir='ltr'><em>auctori</em></span> <span class='ocrx_word' id='word_1_316' title='bbox 1367 2756 1500 2800; x_wconf 84' lang='lat' dir='ltr'><em>Apolo-</em></span> 
     </span>
     <span class='ocr_line' id='line_1_36' title="bbox 16 2813 1500 2858; baseline 0 -10"><span class='ocrx_word' id='word_1_317' title='bbox 16 2813 100 2858; x_wconf 70' lang='lat' dir='ltr'><em>yiae</em></span> <span class='ocrx_word' id='word_1_318' title='bbox 130 2816 259 2848; x_wconf 87' lang='lat' dir='ltr'><em>notum</em></span> <span class='ocrx_word' id='word_1_319' title='bbox 295 2813 415 2857; x_wconf 84' lang='lat' dir='ltr'><em>fuisse</em></span> <span class='ocrx_word' id='word_1_320' title='bbox 451 2825 526 2848; x_wconf 92' lang='lat' dir='ltr'><em>non</em></span> <span class='ocrx_word' id='word_1_321' title='bbox 558 2825 666 2858; x_wconf 86' lang='lat' dir='ltr'><em>posse</em></span> <span class='ocrx_word' id='word_1_322' title='bbox 703 2813 882 2858; x_wconf 81' lang='lat' dir='ltr'><em>quoniam</em></span> <span class='ocrx_word' id='word_1_323' title='bbox 906 2814 964 2858; x_wconf 80' lang='lat'><em>§1</em></span> <span class='ocrx_word' id='word_1_324' title='bbox 1000 2814 1102 2848; x_wconf 90' lang='lat' dir='ltr'><em>dicat</em></span> <span class='ocrx_word' id='word_1_325' title='bbox 1131 2813 1317 2848; x_wconf 86' lang='lat' dir='ltr'><em>neminem</em></span> <span class='ocrx_word' id='word_1_326' title='bbox 1348 2818 1432 2848; x_wconf 85' lang='lat' dir='ltr'><em>ante</em></span> <span class='ocrx_word' id='word_1_327' title='bbox 1464 2825 1500 2848; x_wconf 88' lang='lat' dir='ltr'><em>se</em></span> 
     </span>
     <span class='ocr_line' id='line_1_37' title="bbox 17 2872 1500 2918; baseline 0.001 -12"><span class='ocrx_word' id='word_1_328' title='bbox 17 2873 288 2918; x_wconf 81' lang='grc' dir='ltr'><em>μεγαληγορίας</em></span> <span class='ocrx_word' id='word_1_329' title='bbox 313 2872 422 2907; x_wconf 84' lang='lat' dir='ltr'><em>illius</em></span> <span class='ocrx_word' id='word_1_330' title='bbox 448 2883 602 2907; x_wconf 86' lang='lat' dir='ltr'><em>causam</em></span> <span class='ocrx_word' id='word_1_331' title='bbox 627 2872 836 2917; x_wconf 85' lang='lat' dir='ltr'><em>aperuisse;</em></span> <span class='ocrx_word' id='word_1_332' title='bbox 863 2873 926 2907; x_wconf 82' lang='lat' dir='ltr'><em>sed</em></span> <span class='ocrx_word' id='word_1_333' title='bbox 948 2875 1076 2907; x_wconf 84' lang='lat' dir='ltr'><em>utrum</em></span> <span class='ocrx_word' id='word_1_334' title='bbox 1099 2872 1378 2907; x_wconf 87' lang='lat' dir='ltr'><em>Oeconomicum</em></span> <span class='ocrx_word' id='word_1_335' title='bbox 1395 2884 1500 2918; x_wconf 81' lang='lat' dir='ltr'><em>sepa-</em></span> 
     </span>
     <span class='ocr_line' id='line_1_38' title="bbox 17 2930 1499 2973; baseline 0.001 -9"><span class='ocrx_word' id='word_1_336' title='bbox 17 2933 144 2965; x_wconf 84' lang='lat' dir='ltr'><em>ratum</em></span> <span class='ocrx_word' id='word_1_337' title='bbox 168 2930 249 2965; x_wconf 85' lang='lat' dir='ltr'><em>iam</em></span> <span class='ocrx_word' id='word_1_338' title='bbox 273 2930 458 2965; x_wconf 73' lang='lat' dir='ltr'><em>invenerit</em></span> <span class='ocrx_word' id='word_1_339' title='bbox 482 2942 507 2965; x_wconf 86' lang='lat' dir='ltr'><em>a</em></span> <span class='ocrx_word' id='word_1_340' title='bbox 530 2930 834 2966; x_wconf 84' lang='lat' dir='ltr'><em>Memorabilibus</em></span> <span class='ocrx_word' id='word_1_341' title='bbox 858 2942 984 2973; x_wconf 82' lang='lat' dir='ltr'><em>necne,</em></span> <span class='ocrx_word' id='word_1_342' title='bbox 1011 2931 1299 2965; x_wconf 84' lang='lat' dir='ltr'><em>diiudicandum</em></span> <span class='ocrx_word' id='word_1_343' title='bbox 1320 2942 1396 2966; x_wconf 88' lang='lat' dir='ltr'><em>non</em></span> <span class='ocrx_word' id='word_1_344' title='bbox 1413 2942 1499 2966; x_wconf 84' lang='lat' dir='ltr'><em>esse.</em></span> 
     </span>
    </p>
   </div>
   <div class='ocr_carea' id='block_1_5' title="bbox 1242 3002 1288 3036">
    <p class='ocr_par' dir='ltr' id='par_1_6' title="bbox 1242 3002 1288 3036">
     <span class='ocr_line' id='line_1_39' title="bbox 1242 3002 1288 3036; baseline 0 -14"><span class='ocrx_word' id='word_1_345' title='bbox 1242 3002 1288 3036; x_wconf 77' lang='lat'><em>9*</em></span> 
     </span>
    </p>
   </div>
  </div>
 </body>
</html>
