1820 3340
1460 247 1512 284 37

144 360 282 409 Itaque
326 371 368 397 re
410 360 458 397 ab
503 360 683 398 omnibus
726 360 902 409 partibus
946 360 1190 398 considerata
1233 373 1277 398 ac
1320 373 1516 411 perpensa

26 430 126 467 illud
168 429 327 468 videtur
368 429 452 467 veri
494 429 612 478 longe
657 430 919 468 simillimum:
971 442 1058 468 esse
1101 435 1220 480 caput
1263 432 1448 469 ultimum
1493 445 1516 470 a

27 500 285 549 Xenophonte
340 500 426 549 ipso
482 500 712 549 profectum.
793 501 922 550 Atque
978 500 1109 538 afferri
1158 513 1273 550 posse
1324 502 1515 551 quaedam

28 571 178 620 opinor,
217 582 315 620 quae
352 571 425 607 hoc
455 569 660 617 iudicium,
701 571 733 607 si
771 583 888 620 quam
927 571 1150 608 etiamnunc
1187 571 1368 610 habuerit
1405 572 1516 610 dubi-

27 641 230 688 tationem,
262 640 418 677 firmum
449 644 656 690 ratumque
679 641 855 679 reddant.
909 641 1070 690 Proprie
1102 642 1209 679 enim
1240 642 1515 691 Xenophontis

28 715 88 749 est
109 723 174 749 eas
197 711 427 757 sententias,
460 722 557 760 quas
579 711 699 748 ceteri
721 723 792 760 per
823 705 963 765 ,,φαίη
996 708 1033 748 δ’
1057 707 1108 749 ἄν
1129 724 1195 758 τις
1227 709 1344 750 κτλ.“
1378 713 1515 750 simili-

28 784 134 819 terve
157 781 394 830 exprimant,
426 780 480 818 ita
506 781 671 818 formare
703 784 747 818 ut
769 782 969 819 ordiantur
999 783 1046 819 ab
1080 775 1148 831 „el
1177 777 1225 820 δέ
1250 784 1344 828 τιςιι
1378 795 1516 833 sequa-

28 855 169 901 turque
201 851 469 900 imperativus.
531 851 723 900 Exemplo
756 853 851 890 sint:

87 922 207 959 Anab.
229 921 291 959 III
315 922 350 969 2,
376 929 437 963 18:
471 914 509 959 εἰ
531 916 579 958 δέ
600 934 666 967 τις
687 918 803 971 ὑμῶν
828 917 991 971 ἀθυμεῖ
1023 918 1090 961 ὅτι
1114 952 1121 960 .
1145 953 1152 960 .
1177 952 1202 972 .,
1237 917 1517 977 ἐνθυμήθητε

180 988 246 1030 ὅτι
278 985 363 1029 mk.
425 991 527 1029 Item
558 991 608 1029 ib.
643 991 756 1043 520,
782 993 847 1030 22.

86 1062 188 1100 Heli.
211 1061 270 1099 VI
293 1063 329 1109 5,
352 1070 415 1105 40:
449 1055 487 1099 εἰ
519 1056 566 1099 δέ
596 1074 708 1108 τινες
738 1062 994 1115 φοβοῦνται,
1026 1060 1085 1116 μὴ
1108 1093 1115 1101 .
1141 1093 1147 1100 .
1172 1093 1198 1111 .,
1238 1059 1516 1117 ἐνθυμήθητε

175 1129 243 1170 ὅτι
275 1125 359 1170 κτὲ.
420 1131 520 1169 Item
552 1132 601 1170 ib.
637 1130 750 1182 §44

85 1203 188 1241 Hell.
210 1202 270 1240 IV
293 1204 329 1250 8,
355 1212 395 1244 4:
429 1196 467 1241 εἰ
498 1197 546 1240 δέ
576 1215 643 1249 τις
673 1206 799 1242 τοῦτο
831 1203 1033 1256 φοβεῖται
1064 1202 1123 1258 μὴ
1148 1235 1155 1242 .
1181 1235 1188 1242 .
1213 1234 1239 1252 .,
1279 1199 1515 1244 ἐννοείτω

176 1270 243 1312 ὅτι
275 1267 359 1311 κτὲ.

86 1344 188 1382 Heu.
204 1343 241 1380 V
260 1345 295 1391 1,
313 1353 374 1387 19:
398 1338 436 1382 εἰ
458 1339 505 1382 δέ
530 1357 597 1391 τις
618 1341 919 1395 ὑπολαμβάνει
942 1341 999 1392 ὡς
1022 1375 1096 1395 ..,,
1121 1339 1408 1400 ἐννοησάτω
1431 1340 1514 1386 κτὲ.

89 1414 274 1462 Cyr.V11
289 1416 325 1462 5,
339 1423 402 1458 80:
427 1408 465 1453 εἰ
487 1409 534 1453 δέ
555 1427 622 1461 τις
643 1418 823 1453 τοιαῦτα
845 1408 1065 1466 ἐννοεῖται,
1088 1410 1132 1453 τί
1149 1412 1255 1469 δῆτα
1278 1447 1286 1454 .
1307 1447 1356 1465 ..,
1380 1412 1515 1456 ἐκεῖνο

179 1481 244 1523 δεῖ
276 1484 562 1535 καταμαθεῖν,
597 1481 665 1523 ὅτι
698 1479 782 1523 κτὲ.

87 1555 203 1605 Hipp.
221 1557 257 1603 8,
272 1565 312 1598 5:
336 1549 374 1593 εἰ
388 1550 435 1593 δέ
448 1568 514 1602 τις
528 1549 689 1605 νομίζει
704 1586 711 1594 .
729 1587 736 1595 .
753 1586 779 1606 .,
805 1551 1098 1610 ἐνθυμηθήτω
1113 1553 1180 1595 ὅτι
1196 1551 1279 1595 κτὲ.
1302 1557 1348 1595 It.
1363 1557 1413 1596 ib.
1431 1559 1466 1607 9,
1482 1566 1514 1600 8.

87 1625 196 1663 Vect.
219 1626 258 1667 4,
280 1635 343 1668 41:
377 1620 415 1664 εἰ
444 1621 492 1664 δέ
522 1639 634 1673 τινες
672 1620 725 1664 αὖ
757 1627 992 1679 φοβοῦνται
1016 1657 1023 1665 .
1048 1658 1055 1665 .
1078 1657 1086 1665 .
1120 1621 1408 1682 ἐννοησάτω
1447 1625 1515 1667 ὅτι

176 1689 259 1734 κτὲ.
322 1697 424 1735 Item
455 1697 505 1735 ib.
528 1698 567 1745 4,
590 1705 645 1739 22.
669 1706 724 1740 34.
765 1699 802 1746 5,
826 1707 858 1740 5.

88 1768 204 1815 Ages.
222 1768 312 1814 8,7;
345 1760 382 1805 εἰ
406 1762 453 1805 δέ·
474 1780 540 1814 τις
561 1771 695 1805 ταῦτα
722 1763 922 1815 ἀπιστεῖ,
956 1762 1081 1807 ἰδέτω
1107 1764 1186 1818 μὲν
1219 1799 1226 1806 .
1250 1800 1258 1808 .
1281 1799 1308 1819 .,
1343 1764 1514 1824 ἐννοη-

178 1833 312 1875 σάτω
345 1833 391 1875 δὲ
423 1834 480 1884 ὡς
511 1832 596 1876 κτὲ.

147 1907 254 1945 Haec
285 1908 483 1957 exempla,
515 1920 614 1958 quae
634 1909 770 1957 augeri
791 1913 975 1958 possunt,
1006 1909 1286 1958 proprietatem
1307 1911 1408 1948 hanc
1429 1922 1516 1949 esse

29 1978 354 2027 Xenophonteam
393 1979 616 2017 ostendunt.
685 1980 806 2029 Atqui
844 1983 961 2029 caput
991 1983 1169 2018 nostrum
1206 1980 1345 2030 incipit
1375 1981 1422 2018 ab
1453 1980 1517 2019 his

31 2048 175 2087 verbis:
209 2042 263 2087 Εἰ
294 2043 342 2086 δέ
372 2062 438 2095 τις
469 2079 477 2088 .
502 2080 508 2087 .
533 2079 540 2086 .
574 2042 711 2088 οἴεται
744 2045 872 2088 αὐτὸν
904 2045 1154 2102 ἐλέγχεσθαι
1186 2046 1290 2103 περὶ
1322 2053 1398 2089 τοῦ
1418 2047 1516 2089 δαι-

30 2112 178 2168 μονίου
212 2115 486 2171 ψευδόμενον,
520 2115 807 2174 ἐννοησάτω
840 2123 1014 2173 πρῶτον
1045 2116 1122 2170 μὲν
1154 2117 1222 2159 ὅτι
1254 2115 1338 2159 κτὲ.

147 2189 268 2227 Initio
305 2189 447 2228 deinde
485 2190 722 2240 paragraphi
750 2191 777 2228 4
816 2190 890 2228 hoc
927 2191 1168 2229 invenimus:
1202 2186 1332 2236 Λέξω
1365 2187 1411 2230 δὲ
1443 2187 1517 2230 καὶ

31 2254 58 2297 ἃ
86 2253 361 2312 Ἑρμογένους
391 2263 467 2299 τοῦ
493 2254 750 2300 Ἱππονίκου
773 2256 935 2314 ἥκουσα
962 2257 1067 2314 περὶ
1089 2257 1228 2300 αὐτοῦ.
1279 2262 1364 2300 Hoc
1385 2266 1516 2301 autem

32 2330 144 2368 modo
184 2331 278 2368 satis
316 2330 506 2369 dissoluto
543 2331 730 2370 inducere
774 2331 924 2382 aliquid
970 2332 1057 2382 quis
1095 2332 1221 2381 magis
1259 2332 1357 2370 solet
1388 2332 1518 2370 Xeno-

31 2401 200 2450 phonte?
253 2400 437 2439 Conferas
459 2412 520 2440 ex,
544 2414 599 2451 gr.
622 2402 725 2440 Hell.
748 2402 805 2440 IV
829 2404 944 2450 3,16;
978 2399 1003 2456 ἡ
1028 2398 1106 2452 μὲν
1128 2399 1179 2455 δὴ
1202 2399 1380 2453 δύναμις
1412 2400 1517 2457 αὕτη

33 2466 301 2524 ἀμφοτέρων·
335 2468 595 2526 διηγήσομαι
628 2468 675 2510 δὲ
707 2468 782 2510 καὶ
813 2469 889 2525 τὴν
917 2468 1066 2527 μάχην.

152 2541 377 2580 Sententiae
417 2542 586 2592 denique
622 2542 730 2580 illius
768 2542 862 2594 §10
903 2539 988 2595 ὁρῶ
1027 2537 1202 2595 δ’ἔγωγε
1239 2537 1323 2581 κτὲ.
1358 2544 1518 2581 ubinam

32 2611 298 2651 invenerimus
337 2612 524 2651 similiora
561 2625 678 2663 quam
715 2613 812 2651 haec
848 2613 1151 2663 Xenophontea:
1196 2610 1280 2667 ὁρῶ
1319 2610 1397 2666 γὰρ
1435 2616 1518 2651 τῶν

34 2677 282 2735 ἀνθρώπιον
319 2678 469 2721 οὐδένα
507 2679 805 2738 ἀναμάρτητον
843 2680 1136 2731 διατελοῦντα,
1174 2684 1277 2722 Heu.
1306 2684 1365 2721 VI
1389 2685 1425 2732 3,
1456 2693 1516 2733 103

32 2752 81 2791 ib.
115 2752 228 2804 §162
267 2750 351 2805 ὁρῶ
390 2751 467 2806 γὰρ
506 2749 579 2792 καὶ
617 2757 701 2792 τῶν
738 2750 944 2792 τοιούτων
980 2752 1078 2801 τοὺς
1114 2748 1291 2801 πλείους
1328 2749 1520 2806 ἀπόρους

34 2819 297 2862 παντάπασι
320 2819 609 2876 γιγνομένους,
630 2825 694 2864 vel
715 2825 830 2864 Mem.
851 2824 870 2863 Ι
892 2826 929 2873 2,
952 2834 1005 2868 19,
1022 2833 1077 2867 21.
1112 2825 1232 2875 Hipp.
1249 2826 1344 2873 8,19
1366 2824 1519 2875 aliaque

34 2893 223 2932 eiusmodi
256 2895 389 2933 multa.
