1820 3340
1493 267 1543 304 75

62 396 156 433 ergo
188 382 282 433 quid
313 382 472 430 mirum,
505 381 610 431 quod
631 384 838 431 antequam
869 380 959 418 illos
986 380 1150 429 legerat,
1183 380 1320 419 eodem
1351 382 1545 430 opinionis

62 465 192 492 errore
223 453 364 490 ductus
397 453 480 490 est?

181 522 300 571 Quid,
333 522 436 572 quod
468 522 564 560 haec
599 521 687 571 ipsa
718 519 902 559 orationis
940 520 1047 558 illius
1085 523 1225 559 natura
1262 520 1543 559 documentum

60 605 149 632 esse
180 593 338 631 videtur
368 592 473 630 haud
505 592 692 640 exiguum
724 591 772 628 de
804 591 1019 640 Apologiae
1057 590 1228 639 origine?
1289 590 1469 640 Namque
1500 603 1545 629 ea

61 663 253 712 condicio,
297 674 373 712 qua
409 662 621 711 Apologiae
664 664 863 699 auctorem
902 673 989 699 esse
1032 661 1220 710 vidimus⁷
1265 661 1340 698 nisi
1385 673 1544 710 prorsus

60 734 173 772 fallor
215 733 256 770 in
299 732 510 781 neminem,
554 732 630 769 nisi
679 731 719 769 in
769 732 1069 781 Xenophontem
1121 732 1299 780 quadrat,
1351 731 1544 781 siquidem

59 816 187 853 neque
218 803 368 841 homini
398 802 499 840 alius
531 803 739 840 memoriae
771 805 888 851 atque
909 801 1233 850 Xenophonteae,
1266 813 1393 851 neque
1425 802 1543 839 huius

58 874 265 912 memoriae
307 873 373 911 alii
415 885 460 911 ac
496 873 747 922 Xenophonti
785 885 830 910 ea
867 871 992 920 magis
1031 872 1225 910 convenit.
1287 872 1543 921 Reliquorum

57 944 162 982 enim
193 956 283 982 011111
314 943 613 982 Atheniensium
645 943 854 981 memoriae
886 943 1062 992 ejusdem
1095 942 1271 980 omnium
1302 946 1387 980 tum
1409 943 1542 982 Socra-

58 1015 224 1053 ticorum
255 1017 361 1052 tanto
392 1026 521 1052 errore
553 1014 601 1051 de
634 1026 724 1051 vera
755 1013 1014 1051 accusationis
1037 1013 1233 1050 sententia
1255 1016 1405 1062 poterat
1427 1025 1541 1051 nemo

58 1085 166 1134 duci,
200 1085 356 1134 quando
387 1084 463 1134 ipsi
496 1084 550 1122 rei
577 1087 802 1133 praesentes
824 1084 1101 1132 interfuerant3
1136 1083 1203 1121 sed
1236 1095 1284 1121 ne
1316 1083 1541 1133 posterioris

60 1155 219 1205 quidem
262 1155 400 1193 aetatis
445 1154 650 1204 quisquam
705 1154 810 1202 ideo,
861 1154 953 1204 quia
996 1166 1047 1191 ex
1097 1153 1256 1203 scriptis
1301 1157 1340 1191 et
1378 1153 1542 1192 Socrati-

57 1237 191 1263 corum
222 1229 262 1263 et
293 1225 510 1273 Polycratis
549 1224 697 1274 aliquid
734 1228 923 1262 noverant
959 1224 1105 1262 rectius
1144 1224 1243 1262 istis.
1301 1223 1407 1271 Quae
1446 1225 1541 1262 ratio

57 1308 146 1334 cum
176 1308 246 1345 per
278 1308 319 1334 se
350 1295 436 1345 ipsa
470 1295 565 1333 satis
598 1298 704 1333 certa
736 1295 915 1333 videatur
937 1306 1041 1342 esse,
1074 1295 1324 1332 confirmatur
1345 1295 1463 1332 etiam
1485 1307 1541 1334 eo,

57 1366 161 1416 quod
193 1378 271 1404 non
302 1367 415 1403 modo
447 1366 665 1404 Aeschines
704 1366 834 1403 rhetor
864 1365 1043 1403 undecim
1076 1365 1213 1403 lustris
1252 1369 1340 1415 post
1376 1369 1541 1403 mortem

58 1436 227 1475 Socratis
259 1437 300 1473 in
321 1436 494 1474 oratione
515 1436 760 1474 Timarchea:
784 1428 966 1473 ’Ἔπειθ’
1000 1432 1135 1485 ὑμεῖς,
1169 1435 1314 1485 inquit,
1349 1429 1382 1472 ὦ
1404 1431 1540 1489 Ἀθη-

56 1506 189 1555 ναῖοι,
223 1503 431 1560 Σωκράτη
463 1502 541 1556 μὲν
572 1503 645 1544 τὸν
677 1503 888 1559 σοφιστὴν
920 1501 1223 1553 ἀπεκτείνατε,
1257 1502 1323 1543 ὅτι
1355 1500 1539 1558 Κριτίαν

58 1572 196 1631 ἐφάνη
227 1574 538 1623 πεπαιδευκὼς
570 1571 642 1614 ἵνα
673 1580 758 1614 τῶν
779 1572 1010 1629 τριάκοντα
1041 1578 1125 1613 τῶν
1156 1573 1229 1614 τὸν
1251 1573 1384 1629 δῆμον
1405 1589 1540 1614 κατα-

58 1644 314 1697 λυσάντωνῙ)
355 1648 392 1698 (ξ
425 1648 540 1696 173),
588 1647 656 1685 sed
694 1648 812 1685 etiam
855 1647 989 1685 alteris
1027 1647 1177 1685 duobus
1222 1647 1388 1685 saeculis
1424 1647 1541 1685 inter-

56 1719 195 1768 positis
227 1718 362 1756 eadem
394 1718 462 1755 illa
495 1718 663 1756 Socratis
696 1721 906 1771 σοφιστοῦ
937 1713 1379 1769 τνραννοδιδασκάλου
1411 1718 1540 1767 opinio

55 1789 104 1826 ad
148 1789 335 1827 Catonem
378 1792 625 1838 pervenerat,
670 1800 804 1838 quem,
848 1800 937 1826 cum
975 1788 1129 1826 dicebat
1166 1784 1373 1842 Σωκράτη
1411 1784 1540 1827 λάλον

54 1854 128 1897 καὶ
158 1853 302 1911 βίαιον
332 1855 551 1911 γενόμενον
582 1854 826 1910 ἐπιχειρεῖν,
861 1851 894 1910 ᾧ
915 1854 1064 1910 τρόπῳ
1097 1855 1273 1905 δυνατὸς
1294 1854 1352 1913 ἧν,
1387 1872 1537 1911 τυραν-

53 1928 140 1968 νεῖν
176 1934 251 1982 τῆς
281 1923 512 1981 πατρίδος,
558 1926 826 1967 καταλύοντα
869 1926 923 1966 τὰ
961 1923 1045 1983 ἔθη
1085 1925 1157 1967 καὶ
1196 1926 1308 1981 πρὸς
1346 1923 1539 1975 ἐναντίας

53 1999 146 2047 τοῖς
177 1997 324 2050 νόμοις
345 1995 472 2046 δόξας
504 1994 681 2038 ἕλκοντα
703 1995 777 2037 καὶ
799 1995 1072 2049 μεθιστάντα
1094 1996 1192 2046 τοὺς
1212 1993 1399 2045 πολίτας
1421 2000 1537 2049 (Plut.

54 2083 87 2108 v.
112 2071 193 2109 Cat.
215 2071 304 2120 maj.
330 2070 416 2121 22),
448 2083 524 2108 non
556 2070 789 2108 sententiam
821 2083 843 2108 a
866 2082 907 2108 se
929 2070 1190 2118 excogitatam
1213 2082 1286 2108 nec
1308 2070 1537 2119 sapientiam

53 2141 245 2191 quandam
266 2141 505 2180 reconditam
526 2141 754 2191 protulisse,
778 2142 846 2179 sed
869 2141 1091 2190 opinionem
1113 2154 1134 2178 a
1157 2140 1316 2179 Graecis
1338 2144 1537 2190 acceptam

55 2211 290 2262 Graecisque
320 2213 418 2250 bene
450 2212 645 2260 cognitam
666 2211 886 2249 reddidisse
907 2211 1161 2249 manifestum
1183 2214 1258 2260 est;
1293 2211 1397 2260 quod
1418 2211 1540 2260 igitur

51 2286 213 2321 noverat
257 2282 367 2330 Cato,
413 2282 681 2332 philosophiae
725 2285 968 2331 contemptor
1005 2294 1050 2319 ac
1087 2282 1202 2319 homo
1240 2282 1454 2329 Romanus,
1499 2282 1537 2319 id

52 2352 250 2390 hominem
283 2351 475 2391 Graecum
506 2356 546 2391 et
578 2353 822 2391 defensorem
857 2352 1027 2391 Socratis
1059 2352 1258 2400 ignorasse
1296 2355 1364 2389 aut
1402 2352 1536 2390 eadem

51 2426 120 2461 aut
140 2423 266 2472 priore
287 2426 413 2461 aetate
434 2435 530 2460 num
553 2423 781 2461 credamus?
825 2423 962 2472 Itaque
984 2423 1079 2461 haec
1098 2423 1221 2461 11110111
1238 2423 1360 2472 partis
1377 2422 1537 2460 alterius

50 2493 149 2531 ratio
181 2493 245 2531 vei
281 2494 572 2531 firmamentum
605 2493 801 2543 quoddam
835 2493 993 2531 videtur
1024 2505 1110 2531 esse
1142 2497 1297 2531 nostrae
1330 2493 1535 2542 opinionis.

171 2632 205 2675 1)
231 2632 320 2665 Miro
347 2631 499 2675 quodam
525 2641 641 2665 errore
668 2630 877 2665 Schenklius
902 2631 937 2664 in
965 2631 1173 2664 sententiam
1200 2641 1303 2665 verae
1331 2641 1433 2674 quam
1461 2641 1534 2664 ma-

51 2690 146 2723 xime
166 2690 375 2724 contrariam
396 2689 469 2724 abit
488 2700 568 2723 cum
582 2690 680 2723 dicit:
708 2689 843 2733 „Nafeh
863 2689 982 2723 dieser
998 2681 1212 2732 AEzcsserwvy
1226 2689 1321 2723 hatte
1337 2689 1535 2722 Aeschines

51 2759 121 2783 von
145 2749 208 2782 cler
232 2749 442 2792 Bedeatzmy
468 2749 528 2783 cles
557 2748 725 2782 Soli-rates
752 2749 829 2782 217ch
852 2759 922 2782 τοιτ
947 2748 1027 2781 (lem
1054 2748 1224 2781 Proeesse
1250 2747 1430 2781 desselben
1456 2747 1536 2780 eine

49 2818 149 2851 yanz
179 2807 389 2852 unriclzt‘z'ye
421 2807 684 2851 Anselzazczmq.
735 2807 790 2840 Er
821 2807 916 2840 Ιιίιῖΐίθ
939 2807 985 2850 ja
1015 2809 1117 2840 sonst
1148 2806 1251 2840 nieht
1283 2806 1341 2840 die
1372 2805 1536 2849 Bilclzcnss

0 2889 2 2891 >
53 2866 114 2900 des
138 2866 286 2900 Kritz'as
313 2866 368 2900 als
400 2866 532 2900 Grzmd
557 2866 620 2900 der
642 2865 898 2909 Verzcrtez'lzmq
925 2865 1129 2908 anfic'kren,
1156 2865 1258 2899 nicht
1283 2865 1351 2899 cleu
1367 2865 1535 2899 δοῖεν-αἴθε

52 2924 160 2958 einen
176 2924 367 2968 Sophisten
383 2936 525 2959 vermen
540 2925 681 2959 konnen
693 2927 712 2943 “
734 2925 782 2967 (in
797 2924 908 2958 Relat.
928 2923 1303 2967 Acad.Vind0b.1875,
1321 2925 1344 2958 t.
1363 2922 1409 2958 80
1424 2923 1534 2967 1291).
