1820 3340
1475 254 1525 290 67

46 365 202 414 egregie
233 365 442 415 quadrent,
475 377 574 415 quae
605 378 627 403 a
659 365 815 403 Socrate
845 365 962 415 plane
992 366 1120 404 aliena
1142 378 1229 404 esse
1250 367 1527 417 intellegimus,

45 435 193 484 liquido
223 438 283 473 est
315 435 637 485 existimandum3
683 447 782 485 quae
821 436 877 473 rei
915 436 1124 485 explicatio
1162 437 1312 475 nullam
1355 439 1527 487 profecto

45 506 186 543 habere
216 508 344 554 potest
376 506 643 555 offensionem,
680 518 771 543 nam
807 518 876 544 cur
913 506 1162 556 Xenophonti
1198 507 1240 545 id
1275 507 1373 556 juris
1411 509 1526 547 dene-

43 588 198 624 gemus,
242 576 346 625 quod
390 575 463 613 sibi
508 576 724 625 sumpsisse
768 580 919 614 constat
958 577 1178 625 Platonem,
1223 590 1313 616 cum
1351 584 1527 618 sescenta

43 645 235 695 colloquia
264 646 358 683 facit
390 645 589 684 Socratem
621 647 829 685 habentem
860 659 1060 697 nunquam
1091 648 1137 685 ab
1171 660 1214 686 eo
1246 648 1401 686 habita?

162 716 198 754 2.
237 716 353 754 Haud
391 716 514 753 multo
549 728 661 754 secus
697 716 782 764 illa,
822 729 920 766 quae
959 717 1008 754 de
1045 718 1197 755 actione
1236 719 1525 770 praecipueque

42 785 90 823 de
121 785 290 824 Socratis
322 785 551 824 defensione
584 785 634 837 ἓξ
660 787 842 824 ’10-26
876 787 1117 835 referuntur,
1158 792 1274 825 erunt
1302 789 1522 837 judicanda.

41 855 309 905 Suspicionem
341 856 501 905 quidem
533 857 692 905 praebet
722 857 786 894 vel
816 856 933 904 illud,
972 858 1079 906 quod
1111 870 1209 907 quae
1247 858 1360 896 illum
1391 859 1523 898 Xeno-

40 925 144 975 phon
175 926 369 964 dicentem
400 927 509 974 facit,
553 939 598 964 ea
640 927 726 975 ejus
763 926 867 964 modi
906 931 999 965 sunt
1042 928 1188 976 omnia,
1232 931 1293 975 ut,
1339 929 1372 966 si
1409 931 1523 969 modo

39 1008 250 1045 pronomen
281 997 429 1046 primae
461 1008 646 1045 personae
676 997 718 1034 in
748 997 887 1034 tertiae
910 1000 1188 1046 commutetur,
1220 998 1522 1048 Xenophontem

36 1066 167 1115 ipsum
199 1079 268 1116 pro
301 1066 475 1115 Socrate,
519 1079 594 1105 non
628 1067 824 1105 Socratem
868 1080 936 1116 pro
976 1079 1017 1105 se
1060 1068 1168 1118 loqui
1204 1073 1385 1118 apertum
1415 1071 1522 1109 illico

37 1137 121 1185 fiat,
166 1149 288 1186 eaque
325 1139 440 1175 etiam
479 1137 528 1175 de
565 1149 683 1175 causa
719 1141 800 1175 tam
837 1138 935 1176 bene
966 1141 1010 1175 ut
1042 1150 1152 1176 suam
1186 1139 1356 1177 Socratis
1388 1141 1522 1179 defen-

38 1206 185 1244 sionem
216 1219 430 1256 proponere
462 1210 591 1257 potest
622 1207 663 1244 in
684 1208 1020 1258 Memorabilibus,
1039 1221 1152 1259 quae
1174 1209 1321 1247 Socrati
1354 1211 1395 1248 in
1417 1212 1521 1261 Apo-

35 1277 138 1326 logia
180 1278 374 1327 attribuit,
419 1278 522 1328 quod
566 1278 726 1328 quidem
769 1279 901 1327 ipsum
945 1291 1037 1328 quo,
1083 1292 1242 1329 quaeso,
1285 1284 1398 1330 pacto
1435 1282 1520 1319 fieri

37 1351 206 1397 poterat,
240 1349 273 1385 si
304 1360 396 1386 vere
428 1348 598 1387 Socratis
628 1349 696 1386 illa
728 1349 852 1398 ipsius
884 1350 1018 1387 erant?

154 1418 333 1468 Suspicio
364 1431 456 1458 vero
488 1422 620 1457 nostra
650 1420 828 1457 firmatur
858 1431 919 1468 eo,
952 1420 1055 1469 quod
1087 1421 1206 1458 oratio
1228 1421 1304 1459 ista
1324 1424 1369 1458 ut
1390 1422 1520 1460 Xeno-

33 1488 172 1538 phonti
209 1489 380 1538 egregie,
419 1490 474 1528 ita
512 1502 650 1539 parum
682 1489 829 1528 Socrati
868 1491 1075 1528 convenire
1107 1490 1263 1529 videtur
1299 1495 1417 1541 atque
1449 1505 1519 1542 pro

33 1559 247 1608 singularis
289 1560 396 1598 illius
439 1560 512 1597 viri
557 1560 713 1609 ingenio
751 1563 789 1598 et
826 1560 1160 1610 magniloquentia
1203 1561 1272 1599 illa
1318 1557 1517 1615 ἄγροικο-

33 1624 156 1682 τέραν
187 1631 382 1680 quandam
414 1631 585 1680 speciem
622 1643 714 1680 prae
746 1642 788 1668 se
820 1643 954 1679 gerere
987 1634 1025 1668 et
1056 1631 1239 1669 universa
1278 1633 1398 1670 oratio
1437 1645 1517 1671 me-

33 1699 173 1738 diocris
206 1701 418 1751 exilisque,
451 1704 672 1750 comparato
704 1701 934 1750 praesertim
956 1701 1131 1740 Platonis
1159 1714 1274 1751 opere
1295 1703 1518 1750 immortali,

32 1770 187 1808 videtur
217 1783 315 1809 esse.
378 1771 479 1810 Sane
501 1772 786 1821 Xenophontea
806 1772 923 1820 longe
946 1784 1063 1821 quam
1084 1772 1154 1810 illa
1174 1773 1296 1811 artius
1322 1773 1371 1811 ad
1391 1773 1517 1823 ipsam

32 1841 318 1879 accusationem
350 1853 392 1880 se
421 1842 593 1891 applicat
624 1842 738 1892 eique
769 1845 849 1880 tota
876 1843 930 1880 ita
951 1843 1212 1891 adhaerescit,
1244 1847 1289 1881 ut
1310 1844 1360 1881 ad
1382 1844 1516 1882 defen-

33 1910 184 1949 sionum
216 1924 340 1960 genus
372 1912 509 1950 tritum
540 1915 579 1950 et
606 1924 811 1950 commune
834 1913 995 1961 propius
1017 1913 1112 1950 haec
1133 1914 1292 1951 accedat
1314 1917 1352 1951 et
1373 1915 1516 1952 melius

31 1994 145 2031 quam
178 1982 246 2020 illa
277 1982 477 2032 apologiae
509 1983 664 2032 proprie
697 1982 823 2020 dictae
854 1983 979 2032 primo
1010 1986 1174 2032 aspectu
1205 1996 1349 2022 munus
1380 1987 1515 2022 tenere

32 2052 229 2102 videatur,
263 2065 381 2102 quare
413 2053 645 2102 Schanzius,
678 2053 745 2103 qui
776 2053 1102 2103 Xenophonteam
1134 2054 1346 2092 orationem
1374 2067 1517 2103 veram,

30 2122 270 2161 Platonicam
308 2124 437 2161 fictam
475 2123 600 2171 ducit,
638 2123 743 2173 quod
781 2124 997 2162 sententiae
1037 2135 1130 2162 suae
1168 2124 1241 2162 hoc
1271 2125 1403 2162 favere
1435 2126 1515 2175 opi-

29 2197 158 2242 natur,
192 2194 296 2244 quod
328 2194 451 2232 multo
483 2193 720 2243 simpliciora
752 2194 1033 2243 Xenophontea
1064 2194 1269 2244 magisque
1302 2195 1514 2244 probabilia

29 2263 123 2312 sint,
155 2276 233 2302 non
264 2264 348 2302 sine
377 2264 475 2313 juris
507 2265 673 2314 quadam
706 2264 836 2313 specie
873 2265 970 2303 haec
1006 2265 1074 2302 1116
1113 2265 1304 2314 disputat:
1346 2269 1385 2303 at
1422 2278 1514 2304 vero

28 2345 155 2372 nonne
186 2335 233 2372 ob
264 2335 304 2371 id
336 2335 467 2384 ipsum
498 2335 772 2384 Xenophontis
804 2335 956 2383 relatio,
995 2338 1038 2372 ut
1074 2335 1191 2373 lectio
1223 2336 1335 2385 (111651
1372 2336 1513 2385 procli-

29 2404 112 2442 vior
142 2408 183 2442 et
214 2417 329 2454 quam
361 2417 430 2454 pro
461 2417 553 2443 vera
583 2409 622 2443 et
653 2405 872 2443 difficiliore
904 2418 926 2442 a
959 2406 1084 2443 scriba
1105 2405 1235 2455 aliquo
1259 2406 1513 2445 substitutam

27 2486 233 2513 censemus
277 2487 378 2523 6556,
424 2479 607 2525 suspecta
649 2488 671 2513 a
714 2476 906 2525 principio
950 2476 1062 2514 nobis
1100 2476 1198 2514 erit?
1259 2476 1400 2515 Nonne
1437 2477 1514 2515 ista

27 2545 172 2594 quivis,
205 2546 266 2583 vel
297 2546 331 2584 51
361 2558 410 2584 ne
440 2558 562 2583 unum
595 2545 753 2596 quidem
785 2558 908 2595 paene
939 2547 1103 2584 verbum
1133 2558 1184 2584 ex
1215 2559 1308 2584 vera
1341 2547 1512 2586 Socratis

26 2615 251 2654 defensione
278 2619 535 2666 compererat,
569 2616 728 2666 assequi
749 2619 900 2665 poterat
920 2616 1142 2665 conjectura
1163 2620 1244 2654 tam
1266 2617 1373 2655 facili
1396 2630 1512 2667 quam

26 2685 119 2724 vili?
181 2686 379 2725 Socratem
411 2690 544 2725 contra
574 2699 670 2724 num
701 2687 926 2736 putabimus
957 2687 1169 2724 orationem
1200 2687 1384 2725 habuisse
1412 2687 1512 2725 nihil

26 2757 182 2794 omnino
214 2757 413 2806 proprium
445 2757 510 2795 vel
541 2757 738 2806 singulare
769 2757 1056 2795 continentem?

1 2873 4 2881 .
142 2827 359 2865 Maximum
389 2831 520 2865 autem
543 2828 832 2865 firmamentum
855 2827 1070 2865 sententiae
1092 2830 1263 2876 nostrae,
1296 2830 1334 2865 et
1354 2830 1512 2877 propter

26 2898 129 2947 quod
159 2898 389 2936 reticescere
419 2897 645 2936 reclamatio
677 2899 832 2937 debebit
862 2898 1005 2947 omnis,
1043 2898 1143 2935 illud
1174 2901 1251 2946 est,
1291 2898 1410 2948 quod,
1443 2898 1511 2948 qui

1249 2976 1297 3011 5*
