1820 3340
258 271 340 309 116

248 387 491 438 probandam
526 387 619 436 quia
644 387 818 425 Socrates
851 386 1131 424 ‘consolatione
1152 387 1316 424 omnino
1346 400 1386 425 se
1406 400 1487 426 non
1508 399 1610 436 eyere
1635 399 1746 436 saepe

248 458 475 508 professus’
507 458 559 495 sit
592 455 765 510 [ubinam
797 453 988 510 herele?];
1029 460 1113 494 tum
1144 469 1271 495 errare
1309 461 1504 496 auctorem
1541 470 1632 495 cum
1657 457 1747 507 pul-

255 529 408 566 chriora
445 528 488 565 de
521 528 726 565 Palamede
763 540 882 576 quam
920 527 963 564 de
1003 527 1123 576 Ulyxe
1157 528 1336 565 carmina
1373 532 1406 566 et
1436 528 1546 566 illius
1581 528 1745 577 ⁸qloriam

256 600 445 648 majorem
489 610 609 647 quam
651 598 771 635 huius
815 610 894 635 esse
929 601 1057 646 putet,
1103 597 1275 647 deceptus
1320 599 1429 647 Apol.
1465 598 1564 636 Plat.
1595 610 1638 647 p.
1673 598 1749 635 41b

257 674 290 707 et
322 669 436 706 Mem.
458 668 525 706 IV
551 670 598 715 2,
620 677 681 710 33.
745 668 803 706 De
835 668 1045 706 Palamede
1077 668 1125 706 cf.
1158 681 1194 717 p.
1221 669 1273 706 25
1291 680 1341 718 s.;
1374 669 1524 718 reliqua
1556 672 1748 718 quantum

258 739 429 784 valeant,
462 742 581 788 patet.

379 811 445 847 23.
478 809 609 847 Verba
652 808 760 860 §26
806 800 887 847 οἷδ’
933 805 997 847 ὅτι
1046 804 1119 847 καὶ
1165 803 1259 859 ἐμοὶ
1302 806 1615 863 μαρτυρήσεται
1660 805 1750 847 κτλ.

258 880 415 918 laudato
448 879 686 918 Schneidero
718 879 780 930 (ef.
803 892 839 929 p.
857 878 926 931 26)
967 876 1199 933 ‘dictionems
1226 879 1342 929 plane
1380 879 1676 918 inconcinnam’
1711 882 1752 917 et

261 951 453 1000 ‘ineptam
485 949 688 1000 quandam
719 950 1084 999 amplificationem’
1112 950 1286 988 vocabuli
1318 943 1385 988 ἀεί
1410 950 1536 999 (Mem.
1551 950 1578 988 I
1582 949 1616 987 V
1634 951 1673 994 8,
1689 950 1748 998 10)

259 1021 449 1072 appellat3
478 1021 751 1058 Bornemanni
771 1024 902 1058 autem
927 1021 1301 1070 interpretationem,
1339 1020 1409 1070 qui
1428 1020 1558 1058 eadem
1578 1018 1649 1058 illa
1673 1032 1752 1058 esse

260 1105 339 1130 esse
376 1095 488 1141 atque
525 1091 615 1129 haec
653 1082 733 1129 οἶδ’
773 1088 839 1129 ὅτι
880 1086 976 1141 ἐμοὶ
1018 1087 1089 1129 καὶ
1129 1088 1216 1129 ὑπὸ
1254 1094 1329 1129 τοῦ
1367 1086 1568 1138 ἐπιόντος
1603 1086 1752 1142 χρόνου

260 1159 574 1215 μαρτυρήσεται
609 1158 681 1200 καὶ
715 1158 781 1200 ὅτι
816 1158 902 1200 ὑπὸ
926 1165 1000 1199 τοῦ
1021 1158 1378 1216 παρεληλυθότος
1405 1157 1554 1213 χρόνου
1584 1173 1752 1212 μεμαρ-

261 1230 438 1287 τύρηται
471 1233 592 1279 dicat,
625 1232 890 1281 falsissimam
922 1245 1022 1269 esse:
1064 1232 1244 1278 ‘etenim,
1283 1232 1428 1281 inquit,
1465 1232 1503 1269 si
1532 1244 1557 1269 a
1588 1235 1753 1281 tempore

254 1304 463 1353 praeterito
506 1303 606 1340 illud
641 1303 724 1340 iam
762 1303 878 1352 quasi
921 1306 1010 1340 teste
1052 1303 1329 1351 confirmatum
1373 1302 1530 1351 fuisset,
1579 1302 1753 1340 Socrates

262 1374 449 1412 damnari
485 1374 593 1411 nullo
624 1377 738 1422 pacto
771 1373 989 1422 potuisset'.
1059 1371 1143 1420 Quo
1180 1372 1373 1411 acuminis
1410 1373 1623 1422 specimine
1659 1385 1753 1410 sane

262 1445 404 1483 festivo
435 1445 620 1482 lectorem
654 1444 763 1482 nolui
793 1444 993 1495 fraudare„

384 1516 450 1553 24.
484 1515 774 1564 Apophtheyma
805 1514 905 1552 illud
929 1514 1099 1552 Socratis
1131 1514 1174 1552 de
1204 1513 1394 1563 supplicio
1426 1514 1472 1551 ab
1504 1514 1590 1563 ipsa
1610 1517 1755 1551 natura

263 1586 352 1623 inde
383 1586 429 1623 ab
467 1585 721 1623 incunabulis
758 1585 804 1622 in
840 1598 878 1623 se
910 1585 1134 1630 constituto,
1174 1588 1378 1633 sumptum
1415 1584 1581 1633 fortasse
1618 1596 1663 1621 eoe
1700 1584 1755 1622 eis

265 1669 362 1706 quae
383 1656 426 1694 de
455 1656 581 1705 Grylli
600 1659 721 1693 morte
742 1656 938 1694 certiorem
958 1656 1106 1704 sactum
1137 1655 1280 1693 dimisse
1310 1655 1439 1704 ferant
1460 1654 1755 1704 Xenophontem

268 1727 394 1776 (Dioy.
417 1727 544 1765 Laert.
566 1727 615 1764 II
631 1727 714 1773 54),
748 1726 850 1775 quod
879 1739 1079 1775 nusquam
1110 1726 1191 1763 nisi
1216 1726 1277 1763 hic
1309 1725 1500 1772 tradatur,
1533 1729 1756 1774 suspectum

265 1798 301 1835 ei
340 1797 509 1835 videtur.
578 1797 747 1846 Egregia
785 1797 989 1835 dubitandi
1027 1797 1142 1834 ratio!
1212 1795 1314 1843 Quot
1350 1796 1454 1834 enim
1492 1808 1556 1834 res
1592 1796 1640 1834 ab
1677 1808 1755 1834 uno

265 1872 419 1905 tantum
451 1868 639 1917 scriptore
670 1868 895 1905 referuntur
926 1868 974 1905 de
1007 1867 1150 1916 quibus
1182 1879 1296 1905 nemo
1329 1867 1499 1904 dubitet!
1525 1889 1578 1894 —-
1609 1866 1757 1904 Deinde

265 1939 376 1976 verba
407 1934 536 1976 Ἀλλὰ
572 1933 716 1988 μέντοι
759 1931 796 1976 εἰ
833 1933 910 1987 μὲν
949 1933 1129 1989 ἀγαθῶν
1168 1933 1453 1989 ἐπιρρεόντων
1490 1934 1578 1975 κτλ.
1612 1939 1756 1986 ‘quum

266 2010 397 2058 inepta
432 2009 547 2057 plane
589 2009 669 2046 sint
706 2013 739 2046 et
777 2009 916 2046 amicis
958 2009 1072 2057 facile
1108 2008 1317 2058 refutanda
1359 2008 1531 2057 fuissent
1571 2005 1610 2061 [i.
1639 2020 1670 2046 e.
1708 2008 1755 2045 ab

266 2079 403 2117 amieis
426 2079 586 2117 refutari
608 2075 802 2133 possent]‚
835 2092 859 2116 a
885 2079 1096 2128 sapienti
1116 2079 1199 2116 viro
1223 2079 1380 2128 prolata
1400 2091 1479 2116 esse
1501 2091 1582 2116 non
1605 2078 1756 2127 posse';

267 2154 432 2187 ceterum
461 2150 657 2188 Socratem
689 2154 810 2188 morte
840 2163 915 2187 sua
946 2162 1027 2187 non
1056 2150 1237 2198 yacisum
1268 2162 1364 2196 esse,
1397 2149 1463 2187 sed
1492 2161 1612 2198 aequo
1643 2149 1756 2198 forti-

268 2233 340 2269 que
370 2221 507 2258 animo
545 2233 630 2258 eam
660 2217 802 2273 {tulisse
834 2220 1131 2269 Xenophontem
1163 2233 1241 2257 esse
1280 2223 1419 2257 testem.
1487 2220 1591 2264 Quae
1627 2222 1756 2257 autem

269 2291 313 2328 de
340 2291 572 2340 Apollodoro
605 2291 828 2337 tradantur,
862 2303 905 2328 ea
936 2291 1000 2328 vis
1032 2303 1116 2327 rera
1149 2303 1248 2337 esse,
1283 2303 1377 2327 nam
1408 2290 1518 2327 aliter
1548 2290 1757 2328 certissime

267 2361 350 2409 fore
385 2365 424 2398 ut
455 2365 523 2398 aut
553 2362 598 2398 in
619 2361 934 2399 JIemorabiIibus
964 2364 1032 2398 aut
1063 2360 1169 2409 apud
1189 2360 1393 2398 Platonem
1423 2361 1480 2398 rei
1510 2361 1655 2398 mentio
1685 2360 1756 2409 flat

271 2454 325 2457 ——
353 2432 597 2480 praeclarum
628 2444 649 2469 e
682 2431 837 2469 silentio
869 2432 1161 2480 argumentum!
1197 2454 1250 2458 —
1284 2443 1327 2468 ac
1356 2431 1525 2480 reliquos
1555 2431 1757 2479 scriptores

272 2501 399 2550 (Dioy.
423 2502 549 2539 Laert.
572 2502 617 2539 II
634 2503 705 2549 41;
742 2502 889 2539 Tertull.
916 2502 960 2539 de
990 2502 1150 2547 anima,·
1184 2500 1259 2538 Val.
1282 2501 1385 2538 Maec.
1416 2501 1494 2539 VII
1510 2502 1550 2548 2,
1570 2502 1607 2548 1)
1643 2500 1755 2538 Xan-

271 2573 423 2621 thippae
454 2572 571 2619 illud,
604 2585 685 2609 non
717 2572 970 2621 Apollodoro,
1005 2572 1185 2617 tribuere,
1219 2584 1333 2620 quos,
1367 2572 1404 2609 si
1434 2584 1458 2608 a
1489 2571 1754 2620 Xenophonte,

270 2643 451 2692 scriptore
488 2643 694 2680 notissimo
732 2646 764 2680 ct
801 2643 847 2680 ab
885 2642 1068 2680 omnibus
1104 2642 1334 2690 saepissime
1371 2642 1479 2688 lecto,
1520 2641 1661 2679 tradita
1697 2653 1757 2678 res

270 2717 384 2760 esset,
424 2713 489 2750 ria:
519 2714 565 2750 ab
603 2725 644 2750 eo
677 2717 868 2762 tantopere
904 2725 1119 2750 recessuros
1155 2712 1291 2760 fuisse.
1353 2713 1405 2749 At
1435 2711 1668 2761 posteriores
1698 2710 1758 2748 illi

271 2783 429 2821 ubinam
460 2788 539 2820 tam
572 2784 778 2832 religiosos
810 2795 897 2821 sese
929 2784 1151 2832 praestant?
1215 2783 1272 2820 Cf.
1306 2783 1423 2820 etiam
1454 2795 1489 2830 p.
1515 2784 1580 2820 76.

394 2854 459 2891 25.
492 2854 616 2891 Multo
637 2866 724 2891 vero
755 2854 883 2902 mayis
905 2854 1033 2891 aliena
1064 2857 1115 2899 ct,
1149 2865 1246 2902 quae
1267 2853 1405 2890 dixerit
1431 2853 1624 2898 Socrates,
1657 2856 1757 2889 retu-

273 2923 357 2959 lerit
389 2923 627 2972 Xenophon,
667 2924 834 2973 indiyna
870 2936 948 2962 esse
985 2935 1082 2972 quae
1119 2923 1163 2960 de
1194 2924 1322 2972 Anyto
1360 2924 1517 2972 eiusque
1552 2922 1637 2971 filio
1668 2934 1758 2959 nar-
