1820 3340
1494 274 1546 311 79

66 390 210 435 κακῶς
240 382 377 439 λέγειν
407 387 455 425 ad
487 387 690 425 Platonem
727 387 923 436 pertinere
960 399 1165 435 negamus,
1203 399 1325 424 unum
1357 391 1433 437 est,
1472 401 1548 438 quo

63 471 151 498 cum
182 457 483 495 Wilamowitzio
516 457 787 507 dissentimus3
820 457 986 494 alterum
1018 457 1075 505 id,
1114 457 1219 506 quod
1249 458 1359 496 nulla
1390 458 1467 496 alia
1497 459 1546 497 de

62 541 178 568 causa
208 529 351 566 iratum
388 539 473 565 esse
504 528 682 576 Anytum
716 527 820 575 vult,
865 527 942 565 nisi
987 528 1097 577 quia,
1142 540 1230 565 cum
1268 528 1354 577 ipse
1392 541 1547 578 quoque

61 599 229 649 partium
260 597 507 647 popularium
538 601 658 647 esset,
691 598 804 635 irriso
837 597 1116 646 Themistocle,
1155 598 1349 648 Aristide,
1380 599 1544 646 Pericle,

62 668 291 718 Thucydide
329 680 371 706 se
408 668 539 717 ipsum
577 680 666 706 cum
703 668 782 705 illis
819 667 972 705 irrideri
1009 669 1196 706 crederet.
1264 668 1402 718 Neque
1440 670 1546 707 enim

59 740 288 789 popularem
318 738 506 776 rationem
538 751 609 777 nec
640 738 879 788 reipublicae
910 739 1171 788 capessendae
1202 739 1362 777 illorum
1383 740 1546 778 consilia

60 809 237 848 Socrates
267 809 556 858 vituperaverat
586 831 642 835 ——
675 809 793 846 immo
825 808 955 858 potius
993 804 1186 860 ἀγαθοὺς
1217 805 1374 861 ἄνδρας
1411 822 1544 848 01111105

59 880 321 929 appellaverat
353 901 426 927 -—,
459 879 529 917 sed
560 879 608 917 de
640 879 803 928 privatis
834 879 951 917 rebus
973 891 1105 917 eorum
1137 882 1175 917 et
1197 880 1245 917 de
1267 880 1359 918 filiis
1382 880 1544 929 dixerat,

59 962 176 1000 quare
208 950 283 987 nisi
303 949 379 999 ipsi
401 961 555 999 quoque
577 949 682 987 filius
703 949 792 987 talis
814 952 912 997 erat,
944 961 1021 987 non
1043 950 1224 998 habebat,
1257 962 1327 988 cur
1348 962 1390 988 se
1412 950 1543 1000 ipsum

57 1020 213 1058 irrideri
244 1022 417 1070 putaret,
450 1032 578 1069 neque
611 1031 655 1057 ea
685 1031 785 1069 quae
818 1019 995 1058 Socrates
1027 1020 1128 1058 dixit
1150 1020 1306 1058 omnino
1338 1033 1427 1059 eum
1459 1024 1543 1059 tan-

58 1091 209 1140 gebant.
272 1089 391 1137 Quasi
423 1102 494 1139 per
524 1089 793 1128 circuitionem
826 1090 1021 1140 quandam
1058 1102 1220 1129 necesse
1251 1095 1356 1129 esset
1387 1092 1543 1130 credere

57 1162 235 1209 Anytum
265 1173 288 1198 a
321 1161 476 1199 Socrate
507 1160 703 1198 irrita-tum
742 1172 783 1198 se
822 1172 911 1198 esse
949 1161 1217 1199 existimasse:
1257 1161 1542 1211 vituperavisse

55 1231 224 1282 primum
256 1243 346 1269 eum
368 1231 544 1269 homines
566 1231 671 1278 illos,
704 1231 963 1280 vituperatam
985 1235 1116 1270 autem
1137 1244 1227 1269 cum
1248 1232 1297 1269 iis
1318 1233 1542 1270 universam

56 1314 142 1340 esse
173 1306 324 1352 partem
362 1301 607 1351 popularem,
647 1314 735 1339 011111
774 1305 883 1351 parte
921 1302 1100 1352 populari
1139 1314 1180 1340 se
1217 1303 1348 1352 ipsum
1387 1315 1542 1353 quoque

55 1372 204 1421 agitari.
268 1372 366 1409 Cum
398 1375 529 1409 tamen
560 1373 718 1420 Anytus
749 1372 869 1410 dicat:
904 1364 980 1420 „³52
1005 1369 1252 1425 Σώκρατες,
1287 1367 1445 1426 ῥᾳδίως
1465 1385 1541 1423 μοι

56 1440 196 1489 δοκεῖς
239 1445 382 1489 κακῶς
424 1437 562 1494 λέγειν
607 1437 912 1494 ἀνθρώπουςιί,
963 1455 1039 1481 11011
1091 1439 1276 1496 ,,ἄι’ὄρας
1326 1438 1541 1482 πλείσῑων

56 1509 234 1565 ἀγαθῶν
265 1506 429 1560 αἰτίους
459 1516 511 1566 τῇ
542 1509 673 1551 πόλει
705 1509 955 1565 γεγονότοςἰι
994 1513 1057 1551 vel
1095 1513 1224 1552 simile
1261 1514 1426 1564 aliquid,
1464 1527 1541 1552 non

54 1584 281 1622 circuitione
313 1586 352 1621 et
382 1583 578 1630 anfractu,
611 1586 655 1620 ut
685 1583 739 1621 ita
770 1584 914 1633 dicam,
947 1584 993 1621 ab
1015 1583 1174 1621 illorum
1196 1584 1411 1632 ignominia
1431 1584 1540 1633 igno-

54 1654 194 1693 miniae
226 1654 412 1704 quiddam
444 1654 561 1691 etiam
593 1654 640 1691 ad
673 1665 715 1691 se
746 1654 918 1692 recidere
950 1653 1126 1693 recidere
1155 1658 1284 1704 putat,
1317 1655 1386 1693 sed
1408 1659 1540 1704 aperte

54 1737 165 1763 suam
195 1737 278 1762 rem
310 1725 389 1773 agi,
435 1737 476 1762 se
511 1724 642 1774 ipsum
682 1724 827 1762 directa
864 1725 926 1762 via
963 1725 1044 1774 peti
1082 1725 1275 1773 opinatur,
1320 1738 1366 1764 ea
1408 1730 1540 1764 mente

52 1795 121 1832 illa
152 1795 281 1833 omnia
312 1808 333 1832 a
367 1794 523 1833 Socrate
554 1795 649 1841 dici,
681 1797 725 1832 ut
756 1807 798 1833 se
830 1795 961 1844 ipsum
993 1795 1115 1833 ludat.

171 1865 257 1903 Iam
287 1866 407 1914 igitur
438 1877 556 1915 quam
586 1865 695 1903 100115
727 1865 793 1903 1110
816 1866 919 1915 quod
950 1866 991 1903 in
1012 1866 1199 1914 Apologia
1220 1866 1398 1914 traditur,
1421 1866 1538 1916 plane

52 1936 270 1974 confirmari
309 1935 498 1973 videmus.
566 1935 819 1973 Maledictum
862 1936 909 1973 iri
953 1937 1084 1984 Anyto
1121 1937 1216 1974 dicit
1254 1937 1449 1985 Socrates,
1493 1949 1538 1975 ac

51 2010 136 2044 tum
166 2006 265 2044 iram
295 2006 335 2043 in
374 2017 415 2043 se
447 2005 717 2054 depositurum
755 2017 844 2043 eum
882 2018 980 2044 esse.
1052 2005 1130 2044 Cur
1167 2010 1298 2044 autem
1336 2007 1433 2044 iram
1471 2007 1537 2045 de-

51 2078 192 2126 ponet?
255 2076 414 2114 Scilicet
444 2076 554 2113 nulla
584 2076 659 2114 alia
690 2076 738 2113 de
771 2088 889 2114 causa
920 2077 997 2115 nisi
1018 2089 1078 2125 ea,
1111 2089 1186 2126 qua
1209 2077 1534 2115 Wilamowitzius

52 2159 206 2197 quoque
237 2147 339 2184 vult:
373 2149 583 2195 cognoscet
612 2146 691 2195 jam
712 2146 856 2195 injuria
889 2159 930 2185 se
954 2147 1103 2186 Socrati
1126 2147 1412 2185 succensuisse.
1465 2147 1538 2186 Est

50 2217 172 2266 igitur
201 2217 422 2255 maledictis
453 2217 534 2255 illis
567 2216 758 2266 quaedam
790 2218 1015 2267 conjunctio
1047 2230 1136 2256 cum
1169 2218 1224 2256 eis
1255 2217 1402 2266 verbis,
1437 2230 1536 2268 quae

50 2291 211 2337 propter
248 2287 397 2326 Socrati
435 2290 659 2336 51100011501;
698 2287 747 2325 ad
786 2288 951 2326 eandem
988 2300 1071 2326 rem
1109 2291 1277 2338 utraque
1315 2288 1537 2337 pertineant

51 2369 211 2396 necesse
248 2361 319 2396 est.
379 2357 467 2395 Iam
504 2369 581 2407 qua
618 2358 666 2395 de
704 2369 745 2395 re
784 2357 962 2396 Socrates
1000 2359 1156 2396 locutus
1199 2360 1283 2396 est?
1345 2358 1404 2396 De
1442 2358 1536 2396 filiis

51 2440 220 2477 nequam
252 2427 473 2476 hominum,
505 2428 574 2477 qui
604 2427 646 2465 in
677 2428 878 2477 republica
900 2429 1234 2467 excellentissime
1257 2441 1298 2467 50
1320 2433 1535 2478 gesserant,

51 2497 341 2546 Themistoclis,
375 2497 576 2546 Aristidis,
609 2498 791 2547 Periclis,
824 2499 1079 2548 Thucydidis.
1141 2499 1244 2548 Ergo
1277 2500 1394 2537 etiam
1416 2500 1535 2537 male-

51 2568 202 2606 dicetur
233 2568 310 2617 ipsi
341 2571 500 2618 propter
529 2568 655 2606 filium
687 2581 864 2618 nequam.
925 2570 1010 2608 Hac
1040 2572 1192 2608 tantum
1214 2570 1534 2619 interpretatione

50 2638 226 2687 intellegi
258 2638 374 2676 etiam
396 2638 436 2676 id
457 2650 573 2688 posse
605 2639 854 2687 crediderim,
886 2652 956 2678 cur
986 2643 1093 2677 tanta
1114 2640 1269 2688 Anytus
1297 2643 1377 2677 tam
1405 2640 1535 2678 subito

49 2708 312 2747 inflammetur
347 2708 422 2746 ira:
461 2708 574 2758 quasi
604 2709 749 2747 vulnus
787 2710 981 2760 quoddam
1014 2709 1195 2748 Socrates
1232 2709 1378 2758 attigit3
1418 2712 1534 2760 atque

49 2782 214 2827 augetur
244 2779 302 2816 ira
333 2791 394 2827 eo,
427 2778 530 2828 quod
561 2791 639 2816 non
672 2779 904 2828 simpliciter
925 2779 1121 2828 castigari,
1154 2780 1223 2818 sed
1244 2779 1355 2829 quasi
1377 2779 1535 2830 obliqua

50 2849 293 2887 cavillatione
330 2861 353 2887 a
391 2848 548 2886 Socrate
579 2849 686 2899 carpi
724 2850 797 2888 sibi
835 2850 999 2888 videtur.
1066 2849 1238 2899 Egregie
1274 2852 1406 2888 autem
1443 2862 1533 2888 cum

49 2919 122 2957 hac
152 2919 332 2969 opinione
364 2919 570 2958 convenire
592 2919 772 2958 duxerim
805 2924 843 2959 et
864 2924 1041 2959 extrema
1061 2920 1184 2969 Anyti
1205 2921 1322 2959 verba
1342 2920 1533 2969 abeuntis,
