1820 3340
246 282 301 319 48

365 396 468 445 Quid
502 396 605 446 quod
638 396 755 434 etiam
788 394 1016 445 plusculum
1046 394 1149 432 haud
1190 394 1269 432 scio
1306 406 1354 432 an
1392 393 1574 442 cognosci
1612 393 1736 443 possit

245 469 294 507 de
325 469 399 506 ista
431 467 683 517 paragrapho.
738 466 807 504 Sat
840 465 945 504 enim
980 465 1170 514 languent
1198 465 1316 502 verba
1338 460 1467 502 Ἀλλὰ
1487 461 1571 517 μὴν
1592 456 1734 502 ἐποίει

247 534 319 577 καὶ
352 534 455 576 τάδε
486 535 600 589 πρὸς
630 534 728 583 τοὺς
760 529 1051 590 ἐπιτηδείους,
1086 547 1155 585 per
1187 547 1286 585 quae
1317 535 1367 572 ad
1394 535 1666 584 insequentem
1689 533 1737 572 de

244 609 412 648 oraculis
449 610 578 647 10011111
622 608 665 645 fit
708 607 904 655 transitio;
951 606 1020 644 sed
1059 606 1129 643 lux
1168 605 1225 643 eis
1256 606 1419 644 affertur
1462 604 1666 655 repentina
1698 606 1730 643 si

247 692 337 719 cum
370 680 442 731 §4
475 680 785 728 coniunguntur:
825 678 893 728 qui
925 678 1046 726 igitur
1077 689 1183 715 nunc
1215 676 1458 726 paragrapho
1490 676 1628 726 quinta
1658 675 1737 713 dis-

247 751 414 789 solvitur
451 750 636 788 orationis
667 753 876 787 contextus
914 751 1096 798 exempta
1133 759 1178 786 ea
1215 747 1447 785 restituitur.
1509 745 1615 784 Num
1648 757 1738 784 vero

246 822 414 860 alienam
445 833 530 859 eam
562 832 649 859 esse
681 820 815 858 licebit
845 818 1084 866 iudicare1)?
1147 818 1326 867 Minime,
1359 820 1403 855 ut
1433 817 1531 855 mihi
1563 816 1736 855 videtur:

247 892 466 942 Xenophon
497 892 600 941 ipse,
633 890 962 937 existimaverim,
996 901 1086 927 011111
1117 889 1269 938 reliqua
1291 889 1368 926 iam
1391 888 1623 938 scripsisset,
1655 891 1739 925 tum

248 963 407 1001 demum
439 963 481 999 in
513 962 614 1000 hanc
646 961 883 1000 sententiam
922 959 1081 1008 incidit,
1122 962 1352 1009 servatoque
1389 970 1521 996 rerum
1558 959 1600 995 in
1638 959 1740 1007 Apo-

248 1033 354 1082 logia
385 1032 593 1082 complexu
630 1031 678 1069 ad
712 1032 828 1069 finem
867 1031 989 1069 totius
1027 1030 1075 1068 de
1114 1029 1318 1067 daemonio
1358 1028 1637 1078 disputationis
1674 1040 1739 1077 ag-

249 1104 459 1154 glutinavit
491 1115 594 1152 eam,
632 1102 699 1140 ubi
737 1104 1011 1151 coagmentum
1051 1101 1164 1150 quasi
1202 1100 1334 1138 hiabat
1370 1099 1515 1138 veteris
1555 1099 1740 1137 materiae

249 1187 300 1213 ex
330 1174 521 1224 Apologia
553 1177 734 1223 sumptae
765 1184 968 1222 novaeque
1000 1173 1047 1210 ab
1079 1172 1165 1221 ipso
1196 1171 1413 1209 adiunctae.

369 1244 560 1283 Omnibus
592 1245 670 1282 iam
700 1244 890 1282 absolutis
929 1255 1028 1292 quae
1065 1243 1114 1280 ad
1151 1242 1302 1280 crimen
1339 1234 1539 1291 ἀσεβείας
1576 1240 1741 1278 dicenda

249 1317 500 1363 videbantur,
532 1315 583 1353 ad
613 1315 776 1353 alteram
807 1314 1119 1352 criminationem
1151 1324 1363 1362 aggressus
1391 1324 1442 1350 ex
1462 1311 1614 1361 reliqua
1634 1314 1743 1361 parte

251 1387 434 1426 orationis
466 1386 680 1436 Apologiae
712 1397 811 1435 quae
831 1385 970 1423 idonea
992 1384 1028 1422 ei
1049 1383 1283 1421 videbantur
1304 1383 1439 1432 elegit,
1471 1382 1621 1421 relictis
1643 1393 1741 1431 quae

252 1458 382 1496 minus
414 1457 616 1496 commode
647 1457 689 1494 in
723 1468 839 1494 suum
870 1467 988 1494 usum
1020 1454 1194 1493 converti
1227 1454 1273 1492 ab
1295 1466 1340 1492 eo
1362 1456 1553 1504 poterant.
1606 1452 1744 1502 Itaque

251 1529 352 1567 nihil
382 1529 600 1578 assumpsit
631 1540 681 1566 ex
715 1526 765 1578 ἓξ
791 1528 844 1565 14
877 1530 918 1564 01
952 1528 1023 1565 15;
1057 1526 1201 1564 etenim
1234 1524 1313 1563 tale
1345 1524 1462 1574 quale
1492 1524 1532 1561 in
1555 1523 1745 1573 Apologia

252 1603 335 1638 erat
365 1599 530 1638 reddere
562 1598 764 1637 oraculum
786 1597 998 1646 Pythicum
1025 1596 1195 1644 nolebat,
1219 1596 1310 1646 quia
1331 1608 1353 1633 a
1375 1607 1485 1643 vero,
1518 1594 1620 1645 quod
1641 1594 1743 1643 apud

252 1671 459 1709 Platonem
490 1670 649 1708 interim
686 1673 826 1707 nactus
865 1671 965 1716 erat,
1010 1667 1176 1705 nimium
1221 1670 1411 1716 quantum
1455 1665 1557 1703 illud
1600 1665 1745 1703 distare

252 1741 525 1791 intellegebat3
558 1752 695 1778 rursus
728 1752 865 1778 verum
898 1739 1097 1778 oraculum
1128 1738 1169 1775 id
1201 1738 1305 1787 quod
1333 1737 1512 1775 hocloco
1545 1736 1744 1786 oportebat

253 1813 444 1851 conficere
476 1824 554 1850 non
585 1814 754 1861 poterat,
786 1811 827 1848 id
857 1810 1061 1858 videlicet,
1093 1813 1137 1847 ut
1164 1809 1289 1859 ipsius
1321 1809 1491 1846 auctoris
1522 1807 1667 1845 iudicio
1698 1806 1745 1845 de

254 1883 428 1921 moribus
473 1882 644 1921 Socratis
689 1885 729 1919 et
772 1881 966 1919 institutis
1011 1880 1145 1918 divina
1187 1879 1394 1917 auctoritas
1437 1881 1592 1928 praesto
1630 1880 1744 1915 esset.

255 1953 419 1992 Oraculo
451 1957 581 1992 autem
613 1956 797 2003 exempto
829 1952 947 1990 etiam
979 1952 1028 1989 dc
1061 1950 1364 1989 constructionis
1395 1949 1436 1987 in
1468 1948 1492 2000 ξ
1517 1950 1569 1987 16
1593 1948 1745 1986 00110111-

254 2025 377 2063 nitate
409 2024 773 2074 sententiarumque
805 2022 1070 2069 conclusione,
1111 2033 1211 2072 quae
1244 2033 1293 2059 ex
1323 2020 1391 2058 illo
1423 2023 1504 2058 tota
1540 2019 1745 2069 pendebat,

254 2096 441 2134 decedere
484 2099 655 2145 poterat,
700 2095 832 2145 itaque
876 2097 1060 2144 quattuor
1103 2092 1388 2130 sententiarum
1430 2091 1604 2138 illarum,
1649 2101 1746 2140 quas

254 2167 520 2216 paragraphus
547 2167 598 2205 16
638 2166 815 2213 exhibet,
859 2165 1025 2214 primam
1069 2164 1321 2212 tertiamque,
1366 2161 1512 2211 quippe
1556 2172 1655 2210 quae
1697 2160 1746 2198 ad

254 2237 426 2286 corporis
458 2237 678 2286 voluptates
710 2236 972 2286 pertinerent,
1011 2233 1231 2283 conjunxit,
1269 2233 1431 2271 alteram
1469 2232 1570 2269 infra
1606 2234 1747 2269 tracta-

255 2311 385 2359 turus,
418 2307 484 2345 ubi
516 2307 712 2357 copiosius
744 2307 792 2345 de
823 2318 869 2345 ea
899 2318 942 2344 re
974 2305 1130 2343 dicendi
1151 2305 1261 2342 locus
1283 2306 1382 2353 erat,
1417 2306 1593 2352 quartam
1614 2305 1747 2339 autem

256 2379 413 2417 omnino
444 2391 521 2416 non
548 2378 712 2427 recepit,
745 2389 835 2415 cum
868 2377 959 2426 quia
991 2369 1148 2427 σοφίας
1168 2375 1343 2422 laudem,
1376 2386 1453 2423 qua
1484 2372 1747 2422 sophistarum

255 2449 449 2499 implicari
472 2449 650 2487 Socrates
673 2448 847 2486 societati
869 2447 1094 2493 videbatur,
1118 2448 1347 2494 suspectum
1373 2443 1523 2493 aliquid
1544 2446 1583 2481 et
1603 2454 1746 2492 anceps

256 2520 398 2558 habere
431 2520 628 2566 censebat,
661 2522 746 2556 tum
778 2518 869 2568 quja
900 2518 977 2556 11110
1009 2518 1077 2555 illa
1098 2516 1165 2553 vix
1186 2515 1407 2566 pertinebat
1429 2513 1746 2564 quandoquidem

256 2593 363 2628 totus
393 2591 505 2628 locus
536 2590 577 2627 in
608 2601 654 2627 eo
685 2592 881 2636 versatur,
914 2592 957 2626 ut
988 2588 1257 2626 adolescentes
1295 2598 1318 2623 a
1349 2585 1507 2624 Socrate
1544 2588 1747 2633 corruptos

256 2672 344 2699 esse
375 2661 482 2698 credi
520 2673 599 2698 non
637 2671 753 2710 posse
790 2660 1092 2697 demonstretur.
1154 2657 1294 2707 ltaque
1331 2656 1449 2694 etiam
1486 2655 1748 2705 paragraphos

262 2733 314 2770 17
349 2735 388 2769 et
423 2733 474 2770 18
508 2730 696 2781 praeterit
728 2754 782 2758 —-
815 2730 910 2780 quid
941 2729 1046 2768 enim
1085 2729 1143 2767 eis
1182 2728 1358 2766 facturus
1396 2727 1503 2764 erat‘?
1566 2724 1672 2772 Quae
1703 2736 1748 2762 eo

257 2802 412 2840 facilius
450 2801 650 2851 praeteriri
689 2804 887 2851 poterant,
931 2799 1021 2850 quia
1064 2799 1113 2836 ad
1156 2797 1398 2847 explendum
1442 2808 1575 2835 eorum
1618 2795 1747 2834 locum

379 2952 412 2996 1)
440 2951 532 2995 quod
557 2962 660 2986 nenio
686 2950 801 2985 adhuc
828 2950 918 2984 fecit.
