1820 3340
272 208 324 246 10

390 324 501 375 (s.v.)
531 324 797 363 testimonium
828 337 850 362 a
882 325 1104 375 suspicione
1137 328 1279 364 tuetur.
1336 326 1519 365 Ceterum
1551 326 1670 365 etiam
1693 327 1760 366 ad-

388 395 575 434 iectivum
614 389 871 449 ἀμφίλογος,
911 396 1013 445 quod
1044 396 1187 434 Aesch.
1220 400 1258 434 et
1296 396 1412 446 Soph.
1445 397 1629 447 singulis,
1666 397 1763 437 Eur:

388 470 426 505 et
463 466 585 504 Thuc.
625 466 727 504 binis
763 466 861 505 locis
899 466 1103 516 exhibent,
1142 467 1246 517 apud
1283 467 1383 506 Xen.
1422 468 1579 518 saepius
1615 468 1762 517 legitur

388 537 503 586 (Hell.
521 537 609 586 V2,
626 545 679 581 10.
705 539 812 585 3,10.
846 537 961 575 Mem.
976 537 1035 575 IV
1051 538 1087 586 2,
1102 546 1158 580 34.
1192 537 1282 586 Cyr.
1298 538 1400 576 VIII
1418 541 1453 587 7,
1468 548 1501 582 9.
1523 539 1635 577 Vect.
1652 540 1688 589 3,
1703 540 1758 589 3);

390 608 574 658 idemque
611 608 783 657 praefixo
820 607 1013 658 privativo
1045 621 1073 645 α
1105 609 1342 647 instructum
1373 613 1417 647 ut
1453 609 1596 659 reliqui
1639 609 1760 660 scrip-

392 682 498 717 tores
526 678 647 716 Attici
675 691 894 729 nunquam,
926 679 981 717 ita
1007 679 1107 717 Xen.
1140 682 1180 717 et
1217 680 1348 729 ipsum
1373 679 1469 718 locis
1494 679 1761 729 compluribus

389 753 554 799 usurpat
599 748 702 798 (Oec.
725 751 764 799 4,
786 759 817 793 7.
860 751 895 799 6,
917 760 949 793 3.
993 750 1109 788 Mem.
1132 748 1190 788 IV
1215 751 1252 800 2,
1272 760 1328 794 34.
1375 750 1509 804 Symp.
1535 753 1571 799 3,
1591 759 1625 793 4.
1670 750 1760 800 Cyr.

386 820 487 858 VIII
505 822 611 869 1,15.
643 821 760 869 Ages.
786 819 910 871 2,12).

328 896 626 957 ὃιασαφηνίζω
665 902 703 954 (ξ
728 902 783 953 1),
828 903 933 953 quod
978 907 1090 941 extra
1128 903 1272 953 scripta
1310 903 1593 954 Xenophontea
1630 904 1759 954 (Mem.

386 973 447 1011 III
471 974 506 1021 1,
530 982 584 1015 11.
623 973 732 1023 Reip.
761 973 850 1012 Lac.
875 975 914 1023 4,
936 974 970 1023 3)
1014 986 1209 1024 nusquam
1254 974 1423 1013 occurrit
1459 975 1535 1013 nisi
1566 986 1644 1013 uno
1675 975 1760 1014 loco

391 1056 513 1094 eoque
552 1044 670 1082 dubio
701 1044 928 1083 Aristotelis
962 1045 1146 1095 (Metaph.
1172 1042 1280 1084 986b
1304 1046 1376 1097 22,
1410 1045 1477 1084 ubi
1507 1045 1614 1084 varia
1646 1045 1762 1085 lectio

388 1119 449 1153 est
481 1111 768 1169 διεσάφησεν).
821 1116 984 1154 Accedit
1015 1116 1118 1166 quod
1151 1116 1323 1166 simplex
1350 1129 1505 1167 quoque
1528 1110 1760 1171 σαφηνίζειν,

388 1199 478 1224 eum
520 1186 617 1224 alias
660 1187 708 1224 ab
746 1187 945 1235 Aeschylo
983 1190 1137 1224 tantum
1181 1187 1473 1237 Aristoteleque
1511 1187 1626 1225 trinis
1663 1187 1762 1226 locis

387 1260 573 1307 ponatur,
615 1257 869 1307 Xenophonti
905 1258 946 1295 in
985 1257 1136 1296 deliciis
1174 1262 1235 1296 est
1273 1258 1389 1307 (Hell.
1413 1257 1494 1296 VII
1519 1259 1556 1306 5,
1576 1266 1633 1300 21.
1672 1257 1762 1297 Oec.

389 1329 526 1377 2Ο,13.
559 1328 674 1366 Mem.
697 1328 756 1366 IV
780 1330 864 1380 3,4.
901 1330 983 1377 7,6.
1016 1328 1128 1378 Reip.
1151 1329 1241 1366 Lac.
1267 1330 1351 1377 2,1.
1385 1329 1475 1377 Cyr.
1495 1329 1600 1367 VIII
1628 1329 1667 1378 4,
1681 1338 1713 1371 4,
1729 1338 1762 1372 5.

391 1401 473 1448 7,9.
508 1398 629 1450 8‚16).

329 1478 580 1534 προσβατόν
619 1482 656 1532 (ξ
682 1483 769 1533 23),
813 1482 918 1532 quod
960 1495 983 1520 a
1019 1482 1121 1521 Xen.
1149 1482 1352 1520 Anab.1V
1377 1484 1491 1531 3,12.
1532 1483 1569 1531 8,
1589 1491 1610 1525 9
1647 1494 1762 1521 usur·

387 1557 519 1603 patur,
551 1554 597 1591 ab
629 1553 705 1591 alio
736 1553 855 1591 nullo.

334 1633 633 1687 συμβούλευμα
668 1635 707 1687 (ξ
734 1634 792 1687 5),
833 1635 937 1686 quod
973 1635 1118 1673 iterum
1154 1635 1196 1673 in
1233 1635 1366 1674 libello
1405 1636 1453 1674 de
1489 1648 1532 1674 re
1570 1647 1629 1686 eq.
1661 1637 1764 1684 9,12

390 1707 518 1757 adest,
564 1710 767 1756 receptum
811 1710 873 1745 est
917 1706 1019 1745 sicut
1055 1707 1131 1744 alia
1168 1706 1456 1756 Xenophontea
1493 1719 1515 1744 a
1551 1707 1763 1745 Plutarcho

389 1779 451 1828 (de
481 1778 546 1816 lib.
570 1778 680 1816 educ.
707 1779 797 1816 132.
823 1790 872 1815 an
899 1778 983 1815 seui
1010 1789 1112 1827 resp.
1135 1790 1214 1826 ger.
1239 1777 1290 1815 sit
1315 1774 1455 1826 797³),
1487 1790 1606 1828 quem
1628 1790 1762 1816 exem-

387 1849 510 1899 plaria
553 1849 840 1899 Xenophontea
883 1852 1075 1887 nocturna
1118 1848 1335 1898 diurnaque
1379 1861 1500 1887 manu
1543 1849 1762 1888 versavisse

389 1923 550 1958 constat.

393 2003 432 2053 2)
466 2003 673 2041 Accedunt
693 2003 743 2041 ad
763 2003 860 2041 haec
881 2002 1069 2041 vocabula
1089 2002 1279 2040 nonnulla
1300 2006 1407 2041 certa
1429 2002 1596 2052 quadam
1616 2003 1766 2041 ratione

272 2088 293 2112 a
326 2074 466 2113 ceteris
498 2085 637 2123 prosae
670 2073 855 2112 orationis
888 2071 1146 2124 scriptoribus
1177 2076 1246 2111 aut
1275 2085 1477 2123 nunquam
1504 2077 1572 2111 aut
1595 2085 1763 2124 perraro,

270 2158 291 2183 a
323 2146 423 2183 Xen.
457 2145 615 2195 saepius
647 2144 835 2183 adhibita:

330 2223 452 2275 ἄξιον
479 2219 589 2266 εἶναι
617 2223 734 2275 τινός
761 2240 865 2278 τινι,
898 2228 923 2266 i.
946 2240 978 2266 e.
1012 2240 1162 2266 merere
1194 2227 1341 2278 aliquid
1377 2227 1426 2266 de
1460 2227 1590 2277 aliquo
1618 2226 1657 2278 (ξ
1680 2227 1763 2277 31),

389 2299 438 2337 cf.
476 2299 579 2337 Hell.
614 2299 676 2337 III
702 2300 736 2346 1,
757 2308 790 2342 3.
841 2300 965 2337 Anab.
994 2299 1055 2337 IV
1080 2300 1192 2347 1,16.
1239 2298 1356 2337 Mem.
1384 2298 1405 2336 I
1436 2300 1471 2348 1,
1494 2308 1524 2340 1.
1571 2299 1608 2347 2,
1635 2306 1690 2341 62,
1706 2306 1763 2342 64.

387 2370 429 2407 II
454 2371 537 2418 5,1.
570 2370 619 2408 al.

330 2442 564 2495 σπουδάζει)
596 2459 627 2485 c.
659 2447 728 2484 inf.
761 2446 1012 2485 coniunctum
1044 2446 1081 2498 (i.
1105 2458 1136 2484 e.
1170 2446 1405 2485 contendere
1436 2449 1497 2495 ut,
1538 2445 1674 2497 §22),
1713 2446 1763 2485 cf.

389 2518 479 2566 Cyr.
501 2518 521 2555 Ι
547 2519 654 2566 3,11.
686 2517 790 2555 Hell.
813 2517 873 2555 VI
898 2517 982 2565 3,6,

332 2588 511 2647 ὗφίεμαι
545 2593 584 2645 (ξ
608 2595 666 2645 5),
705 2594 810 2644 quod
848 2594 1085 2633 concedendi
1118 2594 1401 2644 significatione
1432 2593 1764 2643 Xenophonteum

390 2669 451 2703 est
482 2665 544 2717 (cf.
569 2665 738 2703 Schmid.
760 2665 785 2703 1.
809 2665 834 2704 l.
860 2663 977 2716 256);
1011 2678 1101 2704 cum
1129 2664 1323 2703 infinitivo
1350 2667 1482 2703 autem
1510 2664 1764 2703 coniunctum

389 2748 583 2786 nusquam
620 2736 789 2774 inveniri
827 2736 984 2774 videtur
1020 2736 1097 2774 nisi
1136 2736 1233 2774 locis
1270 2735 1398 2773 hisce:
1437 2735 1542 2773 Hell.
1564 2734 1648 2772 VII
1670 2735 1708 2782 4,
1729 2742 1761 2778 9,

389 2807 513 2845 Anab.
535 2807 594 2845 VI
618 2809 654 2855 6,
674 2815 730 2849 31,
765 2805 853 2845 Oec.
872 2808 937 2855 12,
959 2816 1020 2856 143
1053 2807 1102 2845 cf.
1135 2807 1252 2845 etiam
1273 2806 1395 2844 Anab.
1416 2806 1479 2844 ΠΙ
1501 2807 1538 2855 5,
1560 2815 1599 2849 5:
1633 2802 1763 2858 ὁρᾶτ’,

390 2871 423 2914 ὦ
463 2874 626 2930 ἄνδρες,
673 2872 875 2931 ὑφιέντας
919 2875 1070 2929 [hostes
1108 2877 1259 2916 scilicet
1301 2889 1391 2915 cum
1434 2873 1510 2930 τὴν
1551 2870 1764 2927 βασιλέως
