<?xml version="1.0" encoding="UTF-8"?>
<!DOCTYPE html PUBLIC "-//W3C//DTD XHTML 1.0 Transitional//EN"
    "http://www.w3.org/TR/xhtml1/DTD/xhtml1-transitional.dtd">
<html xmlns="http://www.w3.org/1999/xhtml" xml:lang="en" lang="en">
 <head>
  <title>
</title>
<meta http-equiv="Content-Type" content="text/html;charset=utf-8" />
  <meta name='ocr-system' content='tesseract 3.04.00' />
  <meta name='ocr-capabilities' content='ocr_page ocr_carea ocr_par ocr_line ocrx_word'/>
</head>
<body>
  <div class='ocr_page' id='page_1' title='image "./xenophontisqvaef00fricuoft_0021.png"; bbox 0 0 1820 3340; ppageno 0'>
   <div class='ocr_carea' id='block_1_1' title="bbox 1463 253 1514 290">
    <p class='ocr_par' dir='ltr' id='par_1_1' title="bbox 1463 253 1514 290">
     <span class='ocr_line' id='line_1_1' title="bbox 1463 253 1514 290; baseline 0.02 -1"><span class='ocrx_word' id='word_1_1' title='bbox 1463 253 1514 290; x_wconf 73' lang='lat'>17</span> 
     </span>
    </p>
   </div>
   <div class='ocr_carea' id='block_1_2' title="bbox 15 362 1514 2671">
    <p class='ocr_par' dir='ltr' id='par_1_2' title="bbox 22 362 1514 894">
     <span class='ocr_line' id='line_1_2' title="bbox 148 362 1514 418; baseline 0.004 -17"><span class='ocrx_word' id='word_1_2' title='bbox 148 362 272 411; x_wconf 81' lang='lat' dir='ltr'>Quam</span> <span class='ocrx_word' id='word_1_3' title='bbox 305 363 427 412; x_wconf 84' lang='lat' dir='ltr'>igitur</span> <span class='ocrx_word' id='word_1_4' title='bbox 457 364 517 402; x_wconf 89' lang='lat' dir='ltr'>illi</span> <span class='ocrx_word' id='word_1_5' title='bbox 549 365 808 415; x_wconf 80' lang='lat' dir='ltr'>depinxerant</span> <span class='ocrx_word' id='word_1_6' title='bbox 834 365 1003 404; x_wconf 87' lang='lat' dir='ltr'>Socratis</span> <span class='ocrx_word' id='word_1_7' title='bbox 1035 366 1265 418; x_wconf 76' lang='lat' dir='ltr'>imaginem,</span> <span class='ocrx_word' id='word_1_8' title='bbox 1296 379 1380 405; x_wconf 88' lang='lat' dir='ltr'>eam</span> <span class='ocrx_word' id='word_1_9' title='bbox 1403 369 1514 418; x_wconf 85' lang='lat' dir='ltr'>Apol.</span> 
     </span>
     <span class='ocr_line' id='line_1_3' title="bbox 27 434 1512 485; baseline 0.003 -13"><span class='ocrx_word' id='word_1_10' title='bbox 27 436 160 472; x_wconf 77' lang='lat' dir='ltr'>auctor</span> <span class='ocrx_word' id='word_1_11' title='bbox 190 434 409 484; x_wconf 87' lang='lat' dir='ltr'>supplenda</span> <span class='ocrx_word' id='word_1_12' title='bbox 440 435 578 473; x_wconf 84' lang='lat' dir='ltr'>lacuna</span> <span class='ocrx_word' id='word_1_13' title='bbox 605 437 653 474; x_wconf 86' lang='lat' dir='ltr'>ab</span> <span class='ocrx_word' id='word_1_14' title='bbox 680 436 762 473; x_wconf 90' lang='lat' dir='ltr'>illis</span> <span class='ocrx_word' id='word_1_15' title='bbox 790 436 926 474; x_wconf 86' lang='lat' dir='ltr'>relicta</span> <span class='ocrx_word' id='word_1_16' title='bbox 952 437 1147 485; x_wconf 72' lang='lat' dir='ltr'>corrigere</span> <span class='ocrx_word' id='word_1_17' title='bbox 1168 438 1208 475; x_wconf 89' lang='lat' dir='ltr'>in</span> <span class='ocrx_word' id='word_1_18' title='bbox 1229 438 1357 476; x_wconf 86' lang='lat' dir='ltr'>animo</span> <span class='ocrx_word' id='word_1_19' title='bbox 1380 439 1512 477; x_wconf 87' lang='lat' dir='ltr'>habet:</span> 
     </span>
     <span class='ocr_line' id='line_1_4' title="bbox 27 505 1513 557; baseline 0.003 -16"><span class='ocrx_word' id='word_1_20' title='bbox 27 516 105 542; x_wconf 90' lang='lat' dir='ltr'>non</span> <span class='ocrx_word' id='word_1_21' title='bbox 135 505 240 542; x_wconf 90' lang='lat' dir='ltr'>enim</span> <span class='ocrx_word' id='word_1_22' title='bbox 271 505 518 542; x_wconf 80' lang='lat' dir='ltr'>temerariam</span> <span class='ocrx_word' id='word_1_23' title='bbox 551 506 620 544; x_wconf 89' lang='lat' dir='ltr'>sed</span> <span class='ocrx_word' id='word_1_24' title='bbox 651 506 947 545; x_wconf 88' lang='lat' dir='ltr'>convenientem</span> <span class='ocrx_word' id='word_1_25' title='bbox 978 507 1140 545; x_wconf 86' lang='lat' dir='ltr'>consilio</span> <span class='ocrx_word' id='word_1_26' title='bbox 1172 508 1297 557; x_wconf 88' lang='lat' dir='ltr'>ipsius</span> <span class='ocrx_word' id='word_1_27' title='bbox 1323 509 1513 557; x_wconf 81' lang='lat' dir='ltr'>magnilo-</span> 
     </span>
     <span class='ocr_line' id='line_1_5' title="bbox 25 574 1513 629; baseline 0.003 -17"><span class='ocrx_word' id='word_1_28' title='bbox 25 575 225 624; x_wconf 85' lang='lat' dir='ltr'>quentiam</span> <span class='ocrx_word' id='word_1_29' title='bbox 256 574 364 612; x_wconf 83' lang='lat' dir='ltr'>illam</span> <span class='ocrx_word' id='word_1_30' title='bbox 395 575 519 613; x_wconf 85' lang='lat' dir='ltr'>fuisse</span> <span class='ocrx_word' id='word_1_31' title='bbox 551 579 612 614; x_wconf 88' lang='lat' dir='ltr'>est</span> <span class='ocrx_word' id='word_1_32' title='bbox 643 577 998 625; x_wconf 79' lang='lat' dir='ltr'>demonstraturus,</span> <span class='ocrx_word' id='word_1_33' title='bbox 1032 578 1227 627; x_wconf 83' lang='lat' dir='ltr'>siquidem</span> <span class='ocrx_word' id='word_1_34' title='bbox 1258 578 1357 616; x_wconf 88' lang='lat' dir='ltr'>illud</span> <span class='ocrx_word' id='word_1_35' title='bbox 1382 579 1513 629; x_wconf 88' lang='lat' dir='ltr'>ipsum</span> 
     </span>
     <span class='ocr_line' id='line_1_6' title="bbox 26 645 1512 699; baseline 0.003 -17"><span class='ocrx_word' id='word_1_36' title='bbox 26 645 143 695; x_wconf 86' lang='lat' dir='ltr'>plane</span> <span class='ocrx_word' id='word_1_37' title='bbox 173 646 409 684; x_wconf 86' lang='lat' dir='ltr'>contrarium</span> <span class='ocrx_word' id='word_1_38' title='bbox 441 646 583 684; x_wconf 88' lang='lat' dir='ltr'>fuisset</span> <span class='ocrx_word' id='word_1_39' title='bbox 614 647 774 685; x_wconf 90' lang='lat' dir='ltr'>consilio</span> <span class='ocrx_word' id='word_1_40' title='bbox 805 659 960 685; x_wconf 84' lang='lat' dir='ltr'>reorum</span> <span class='ocrx_word' id='word_1_41' title='bbox 992 648 1107 686; x_wconf 86' lang='lat' dir='ltr'>solito</span> <span class='ocrx_word' id='word_1_42' title='bbox 1139 652 1177 686; x_wconf 87' lang='lat' dir='ltr'>et</span> <span class='ocrx_word' id='word_1_43' title='bbox 1209 649 1312 699; x_wconf 88' lang='lat' dir='ltr'>quod</span> <span class='ocrx_word' id='word_1_44' title='bbox 1338 649 1512 699; x_wconf 87' lang='lat' dir='ltr'>priorum</span> 
     </span>
     <span class='ocr_line' id='line_1_7' title="bbox 23 716 1512 768; baseline 0.003 -16"><span class='ocrx_word' id='word_1_45' title='bbox 23 727 179 766; x_wconf 84' lang='lat' dir='ltr'>quoque</span> <span class='ocrx_word' id='word_1_46' title='bbox 214 716 255 753; x_wconf 92' lang='lat' dir='ltr'>in</span> <span class='ocrx_word' id='word_1_47' title='bbox 292 716 494 766; x_wconf 82' lang='lat' dir='ltr'>Apologiis</span> <span class='ocrx_word' id='word_1_48' title='bbox 532 717 640 755; x_wconf 88' lang='lat' dir='ltr'>cerni</span> <span class='ocrx_word' id='word_1_49' title='bbox 679 740 733 744; x_wconf 80' lang='lat'>—-</span> <span class='ocrx_word' id='word_1_50' title='bbox 772 717 890 756; x_wconf 88' lang='lat' dir='ltr'>huius</span> <span class='ocrx_word' id='word_1_51' title='bbox 928 718 1087 768; x_wconf 77' lang='lat' dir='ltr'>quidem</span> <span class='ocrx_word' id='word_1_52' title='bbox 1125 719 1274 757; x_wconf 82' lang='lat' dir='ltr'>auctori</span> <span class='ocrx_word' id='word_1_53' title='bbox 1312 743 1366 747; x_wconf 89' lang='lat'>—</span> <span class='ocrx_word' id='word_1_54' title='bbox 1406 720 1512 758; x_wconf 84' lang='lat' dir='ltr'>vide-</span> 
     </span>
     <span class='ocr_line' id='line_1_8' title="bbox 24 785 1512 838; baseline 0.003 -15"><span class='ocrx_word' id='word_1_55' title='bbox 24 785 155 824; x_wconf 82' lang='lat' dir='ltr'>batur:</span> <span class='ocrx_word' id='word_1_56' title='bbox 186 798 278 824; x_wconf 83' lang='lat' dir='ltr'>nam</span> <span class='ocrx_word' id='word_1_57' title='bbox 309 787 570 836; x_wconf 84' lang='lat' dir='ltr'>appetendam</span> <span class='ocrx_word' id='word_1_58' title='bbox 603 787 675 825; x_wconf 89' lang='lat' dir='ltr'>sibi</span> <span class='ocrx_word' id='word_1_59' title='bbox 707 799 793 826; x_wconf 86' lang='lat' dir='ltr'>esse</span> <span class='ocrx_word' id='word_1_60' title='bbox 825 800 903 825; x_wconf 91' lang='lat' dir='ltr'>non</span> <span class='ocrx_word' id='word_1_61' title='bbox 934 789 1200 838; x_wconf 86' lang='lat' dir='ltr'>effugiendam</span> <span class='ocrx_word' id='word_1_62' title='bbox 1231 793 1397 828; x_wconf 88' lang='lat' dir='ltr'>mortem</span> <span class='ocrx_word' id='word_1_63' title='bbox 1422 803 1512 829; x_wconf 87' lang='lat' dir='ltr'>eum</span> 
     </span>
     <span class='ocr_line' id='line_1_9' title="bbox 22 856 283 894; baseline 0.004 -1"><span class='ocrx_word' id='word_1_64' title='bbox 22 856 283 894; x_wconf 82' lang='lat' dir='ltr'>existimasse.</span> 
     </span>
    </p>

    <p class='ocr_par' dir='ltr' id='par_1_3' title="bbox 23 926 1512 1260">
     <span class='ocr_line' id='line_1_10' title="bbox 142 926 1511 980; baseline 0.003 -16"><span class='ocrx_word' id='word_1_65' title='bbox 142 926 277 976; x_wconf 87' lang='lat' dir='ltr'>Ipsum</span> <span class='ocrx_word' id='word_1_66' title='bbox 316 926 486 964; x_wconf 87' lang='lat' dir='ltr'>auctoris</span> <span class='ocrx_word' id='word_1_67' title='bbox 524 928 596 965; x_wconf 91' lang='lat' dir='ltr'>hoc</span> <span class='ocrx_word' id='word_1_68' title='bbox 633 927 839 966; x_wconf 89' lang='lat' dir='ltr'>consilium</span> <span class='ocrx_word' id='word_1_69' title='bbox 872 929 1031 966; x_wconf 86' lang='lat' dir='ltr'>definite</span> <span class='ocrx_word' id='word_1_70' title='bbox 1064 929 1260 980; x_wconf 82' lang='lat' dir='ltr'>planeque</span> <span class='ocrx_word' id='word_1_71' title='bbox 1299 929 1446 968; x_wconf 89' lang='lat' dir='ltr'>editum</span> <span class='ocrx_word' id='word_1_72' title='bbox 1479 931 1511 968; x_wconf 87' lang='lat' dir='ltr'>si</span> 
     </span>
     <span class='ocr_line' id='line_1_11' title="bbox 23 997 1512 1049; baseline 0.003 -15"><span class='ocrx_word' id='word_1_73' title='bbox 23 997 285 1046; x_wconf 77' lang='lat' dir='ltr'>reputaveris,</span> <span class='ocrx_word' id='word_1_74' title='bbox 324 1009 458 1035; x_wconf 88' lang='lat' dir='ltr'>vereor</span> <span class='ocrx_word' id='word_1_75' title='bbox 500 1001 545 1035; x_wconf 90' lang='lat' dir='ltr'>ut</span> <span class='ocrx_word' id='word_1_76' title='bbox 586 998 812 1047; x_wconf 75' lang='lat' dir='ltr'>intellegas,</span> <span class='ocrx_word' id='word_1_77' title='bbox 858 999 1185 1049; x_wconf 86' lang='lat' dir='ltr'>quemadmodum</span> <span class='ocrx_word' id='word_1_78' title='bbox 1228 1001 1424 1049; x_wconf 77' lang='lat' dir='ltr'>nonnulli,</span> <span class='ocrx_word' id='word_1_79' title='bbox 1468 1005 1512 1038; x_wconf 91' lang='lat' dir='ltr'>ut</span> 
     </span>
     <span class='ocr_line' id='line_1_12' title="bbox 24 1067 1509 1118; baseline 0.002 -12"><span class='ocrx_word' id='word_1_80' title='bbox 24 1067 319 1117; x_wconf 77' lang='lat' dir='ltr'>Schenklius1)‚</span> <span class='ocrx_word' id='word_1_81' title='bbox 364 1067 539 1116; x_wconf 84' lang='lat' dir='ltr'>Langius</span> <span class='ocrx_word' id='word_1_82' title='bbox 551 1068 600 1118; x_wconf 80' lang='grc'>2),</span> <span class='ocrx_word' id='word_1_83' title='bbox 644 1068 710 1106; x_wconf 86' lang='lat' dir='ltr'>alii</span> <span class='ocrx_word' id='word_1_84' title='bbox 754 1069 1148 1108; x_wconf 79' lang='lat' dir='ltr'>declamatiunculam</span> <span class='ocrx_word' id='word_1_85' title='bbox 1192 1071 1294 1109; x_wconf 83' lang='lat' dir='ltr'>hanc</span> <span class='ocrx_word' id='word_1_86' title='bbox 1337 1083 1423 1109; x_wconf 88' lang='lat' dir='ltr'>esse</span> <span class='ocrx_word' id='word_1_87' title='bbox 1462 1072 1509 1109; x_wconf 86' lang='lat' dir='ltr'>ab</span> 
     </span>
     <span class='ocr_line' id='line_1_13' title="bbox 23 1138 1509 1190; baseline 0.003 -15"><span class='ocrx_word' id='word_1_88' title='bbox 23 1138 176 1176; x_wconf 85' lang='lat' dir='ltr'>rhetore</span> <span class='ocrx_word' id='word_1_89' title='bbox 208 1138 340 1176; x_wconf 87' lang='lat' dir='ltr'>nescio</span> <span class='ocrx_word' id='word_1_90' title='bbox 373 1150 448 1188; x_wconf 86' lang='lat' dir='ltr'>quo</span> <span class='ocrx_word' id='word_1_91' title='bbox 475 1139 539 1177; x_wconf 83' lang='lat' dir='ltr'>vel</span> <span class='ocrx_word' id='word_1_92' title='bbox 570 1139 685 1177; x_wconf 83' lang='lat' dir='ltr'>tertio</span> <span class='ocrx_word' id='word_1_93' title='bbox 707 1139 769 1177; x_wconf 81' lang='lat' dir='ltr'>vel</span> <span class='ocrx_word' id='word_1_94' title='bbox 800 1140 922 1178; x_wconf 87' lang='lat' dir='ltr'>altero</span> <span class='ocrx_word' id='word_1_95' title='bbox 944 1142 1007 1178; x_wconf 81' lang='lat' dir='ltr'>vel</span> <span class='ocrx_word' id='word_1_96' title='bbox 1038 1141 1163 1190; x_wconf 88' lang='lat' dir='ltr'>primo</span> <span class='ocrx_word' id='word_1_97' title='bbox 1195 1153 1227 1179; x_wconf 88' lang='lat' dir='ltr'>a.</span> <span class='ocrx_word' id='word_1_98' title='bbox 1253 1140 1342 1179; x_wconf 84' lang='lat' dir='ltr'>Chr.</span> <span class='ocrx_word' id='word_1_99' title='bbox 1366 1154 1401 1179; x_wconf 90' lang='lat' dir='ltr'>n.</span> <span class='ocrx_word' id='word_1_100' title='bbox 1426 1153 1509 1180; x_wconf 87' lang='lat' dir='ltr'>sae-</span> 
     </span>
     <span class='ocr_line' id='line_1_14' title="bbox 24 1208 1021 1260; baseline 0.004 -15"><span class='ocrx_word' id='word_1_101' title='bbox 24 1208 111 1246; x_wconf 92' lang='lat' dir='ltr'>culo</span> <span class='ocrx_word' id='word_1_102' title='bbox 142 1209 405 1258; x_wconf 77' lang='lat' dir='ltr'>conscriptam</span> <span class='ocrx_word' id='word_1_103' title='bbox 438 1209 510 1247; x_wconf 86' lang='lat' dir='ltr'>sibi</span> <span class='ocrx_word' id='word_1_104' title='bbox 542 1209 780 1259; x_wconf 86' lang='lat' dir='ltr'>persuadere</span> <span class='ocrx_word' id='word_1_105' title='bbox 811 1210 1021 1260; x_wconf 86' lang='lat' dir='ltr'>potuerint.</span> 
     </span>
    </p>

    <p class='ocr_par' dir='ltr' id='par_1_4' title="bbox 15 1279 1510 2671">
     <span class='ocr_line' id='line_1_15' title="bbox 141 1279 1509 1333; baseline 0.003 -17"><span class='ocrx_word' id='word_1_106' title='bbox 141 1279 266 1317; x_wconf 88' lang='lat' dir='ltr'>Immo</span> <span class='ocrx_word' id='word_1_107' title='bbox 310 1279 445 1317; x_wconf 89' lang='lat' dir='ltr'>eodem</span> <span class='ocrx_word' id='word_1_108' title='bbox 489 1279 606 1329; x_wconf 87' lang='lat' dir='ltr'>plane</span> <span class='ocrx_word' id='word_1_109' title='bbox 649 1280 811 1318; x_wconf 90' lang='lat' dir='ltr'>consilio</span> <span class='ocrx_word' id='word_1_110' title='bbox 855 1282 1069 1331; x_wconf 88' lang='lat' dir='ltr'>composita</span> <span class='ocrx_word' id='word_1_111' title='bbox 1112 1293 1199 1321; x_wconf 83' lang='lat' dir='ltr'>esse</span> <span class='ocrx_word' id='word_1_112' title='bbox 1236 1282 1509 1333; x_wconf 79' lang='lat' dir='ltr'>Xenophontis</span> 
     </span>
     <span class='ocr_line' id='line_1_16' title="bbox 24 1349 1510 1400; baseline 0.003 -13"><span class='ocrx_word' id='word_1_113' title='bbox 24 1349 289 1387; x_wconf 81' lang='lat' dir='ltr'>Memorabilia</span> <span class='ocrx_word' id='word_1_114' title='bbox 327 1349 388 1400; x_wconf 86' lang='lat' dir='ltr'>(cs.</span> <span class='ocrx_word' id='word_1_115' title='bbox 421 1350 440 1387; x_wconf 87' lang='lat' dir='ltr'>I</span> <span class='ocrx_word' id='word_1_116' title='bbox 462 1351 501 1398; x_wconf 77' lang='lat'>4,</span> <span class='ocrx_word' id='word_1_117' title='bbox 526 1359 580 1393; x_wconf 65' lang='lat'>15,</span> <span class='ocrx_word' id='word_1_118' title='bbox 618 1351 678 1388; x_wconf 86' lang='lat' dir='ltr'>IV</span> <span class='ocrx_word' id='word_1_119' title='bbox 701 1352 737 1399; x_wconf 85' lang='lat'>3,</span> <span class='ocrx_word' id='word_1_120' title='bbox 758 1351 795 1400; x_wconf 77' lang='lat'>2)</span> <span class='ocrx_word' id='word_1_121' title='bbox 835 1363 963 1390; x_wconf 90' lang='lat' dir='ltr'>nonne</span> <span class='ocrx_word' id='word_1_122' title='bbox 1001 1352 1289 1391; x_wconf 79' lang='lat' dir='ltr'>reminisceris?</span> <span class='ocrx_word' id='word_1_123' title='bbox 1353 1353 1510 1392; x_wconf 85' lang='lat' dir='ltr'>Iuvabit</span> 
     </span>
     <span class='ocr_line' id='line_1_17' title="bbox 20 1419 1509 1472; baseline 0.003 -15"><span class='ocrx_word' id='word_1_124' title='bbox 20 1431 245 1469; x_wconf 81' lang='lat' dir='ltr'>comparare</span> <span class='ocrx_word' id='word_1_125' title='bbox 266 1420 433 1457; x_wconf 70' lang='lat' dir='ltr'>Joelium</span> <span class='ocrx_word' id='word_1_126' title='bbox 446 1419 474 1470; x_wconf 83' lang='lat'>3)</span> <span class='ocrx_word' id='word_1_127' title='bbox 497 1421 544 1458; x_wconf 91' lang='lat' dir='ltr'>de</span> <span class='ocrx_word' id='word_1_128' title='bbox 566 1420 883 1459; x_wconf 84' lang='lat' dir='ltr'>Memorabilibus</span> <span class='ocrx_word' id='word_1_129' title='bbox 906 1422 1001 1460; x_wconf 89' lang='lat' dir='ltr'>haec</span> <span class='ocrx_word' id='word_1_130' title='bbox 1027 1425 1279 1461; x_wconf 84' lang='lat' dir='ltr'>statuentem:</span> <span class='ocrx_word' id='word_1_131' title='bbox 1304 1454 1339 1472; x_wconf 89' lang='lat'>„.</span> <span class='ocrx_word' id='word_1_132' title='bbox 1366 1454 1373 1461; x_wconf 91' lang='lat'>.</span> <span class='ocrx_word' id='word_1_133' title='bbox 1398 1454 1405 1461; x_wconf 95' lang='lat'><strong>.</strong></span> <span class='ocrx_word' id='word_1_134' title='bbox 1435 1424 1509 1462; x_wconf 84' lang='lat' dir='ltr'>dass</span> 
     </span>
     <span class='ocr_line' id='line_1_18' title="bbox 22 1489 1508 1543; baseline 0.003 -16"><span class='ocrx_word' id='word_1_135' title='bbox 22 1489 258 1539; x_wconf 85' lang='lat' dir='ltr'>Xenophon,</span> <span class='ocrx_word' id='word_1_136' title='bbox 290 1491 421 1528; x_wconf 91' lang='lat' dir='ltr'>indem</span> <span class='ocrx_word' id='word_1_137' title='bbox 448 1503 491 1529; x_wconf 88' lang='lat' dir='ltr'>er</span> <span class='ocrx_word' id='word_1_138' title='bbox 513 1491 621 1529; x_wconf 89' lang='lat' dir='ltr'>seine</span> <span class='ocrx_word' id='word_1_139' title='bbox 643 1492 883 1530; x_wconf 80' lang='lat' dir='ltr'>sokratische</span> <span class='ocrx_word' id='word_1_140' title='bbox 904 1493 1084 1541; x_wconf 79' lang='lat' dir='ltr'>Dialogik</span> <span class='ocrx_word' id='word_1_141' title='bbox 1106 1493 1175 1531; x_wconf 86' lang='lat' dir='ltr'>der</span> <span class='ocrx_word' id='word_1_142' title='bbox 1195 1494 1508 1543; x_wconf 84' lang='lat' dir='ltr'>protreptischen</span> 
     </span>
     <span class='ocr_line' id='line_1_19' title="bbox 22 1559 1507 1612; baseline 0.003 -14"><span class='ocrx_word' id='word_1_143' title='bbox 22 1559 203 1610; x_wconf 80' lang='lat' dir='ltr'>Dialogik</span> <span class='ocrx_word' id='word_1_144' title='bbox 233 1561 396 1599; x_wconf 88' lang='lat' dir='ltr'>anderer</span> <span class='ocrx_word' id='word_1_145' title='bbox 422 1561 645 1600; x_wconf 83' lang='lat' dir='ltr'>Sokratiker</span> <span class='ocrx_word' id='word_1_146' title='bbox 675 1563 1028 1612; x_wconf 77' lang='lat' dir='ltr'>gegeniiberstellt,</span> <span class='ocrx_word' id='word_1_147' title='bbox 1060 1563 1122 1601; x_wconf 86' lang='lat' dir='ltr'>die</span> <span class='ocrx_word' id='word_1_148' title='bbox 1148 1563 1263 1602; x_wconf 86' lang='lat' dir='ltr'>Mem.</span> <span class='ocrx_word' id='word_1_149' title='bbox 1295 1564 1507 1602; x_wconf 73' lang='lat' dir='ltr'>ausdruck-</span> 
     </span>
     <span class='ocr_line' id='line_1_20' title="bbox 21 1630 1509 1684; baseline 0.003 -16"><span class='ocrx_word' id='word_1_150' title='bbox 21 1630 100 1668; x_wconf 89' lang='lat' dir='ltr'>lich</span> <span class='ocrx_word' id='word_1_151' title='bbox 131 1631 188 1669; x_wconf 88' lang='lat' dir='ltr'>als</span> <span class='ocrx_word' id='word_1_152' title='bbox 210 1631 606 1670; x_wconf 78' lang='lat' dir='ltr'>Konkurrenzschrift</span> <span class='ocrx_word' id='word_1_153' title='bbox 637 1645 685 1670; x_wconf 88' lang='lat' dir='ltr'>zu</span> <span class='ocrx_word' id='word_1_154' title='bbox 717 1633 852 1671; x_wconf 86' lang='lat' dir='ltr'>diesen</span> <span class='ocrx_word' id='word_1_155' title='bbox 883 1633 1120 1671; x_wconf 82' lang='lat' dir='ltr'>bezeichnet.</span> <span class='ocrx_word' id='word_1_156' title='bbox 1155 1664 1161 1671; x_wconf 96' lang='lat'>.</span> <span class='ocrx_word' id='word_1_157' title='bbox 1186 1664 1224 1672; x_wconf 93' lang='lat'>..</span> <span class='ocrx_word' id='word_1_158' title='bbox 1257 1634 1311 1672; x_wconf 87' lang='lat' dir='ltr'>Er</span> <span class='ocrx_word' id='word_1_159' title='bbox 1331 1635 1414 1672; x_wconf 84' lang='lat' dir='ltr'>will</span> <span class='ocrx_word' id='word_1_160' title='bbox 1437 1647 1509 1684; x_wconf 85' lang='lat' dir='ltr'>gar</span> 
     </span>
     <span class='ocr_line' id='line_1_21' title="bbox 22 1701 1508 1753; baseline 0.003 -15"><span class='ocrx_word' id='word_1_161' title='bbox 22 1702 131 1739; x_wconf 86' lang='lat' dir='ltr'>nicht</span> <span class='ocrx_word' id='word_1_162' title='bbox 169 1701 233 1739; x_wconf 85' lang='lat' dir='ltr'>die</span> <span class='ocrx_word' id='word_1_163' title='bbox 266 1702 466 1751; x_wconf 74' lang='lat' dir='ltr'>Anklager</span> <span class='ocrx_word' id='word_1_164' title='bbox 504 1703 628 1741; x_wconf 85' lang='lat' dir='ltr'>durch</span> <span class='ocrx_word' id='word_1_165' title='bbox 665 1703 728 1741; x_wconf 89' lang='lat' dir='ltr'>die</span> <span class='ocrx_word' id='word_1_166' title='bbox 759 1704 891 1742; x_wconf 83' lang='lat' dir='ltr'>wahre</span> <span class='ocrx_word' id='word_1_167' title='bbox 930 1704 1190 1753; x_wconf 82' lang='lat' dir='ltr'>Schilderung</span> <span class='ocrx_word' id='word_1_168' title='bbox 1223 1705 1292 1743; x_wconf 90' lang='lat' dir='ltr'>des</span> <span class='ocrx_word' id='word_1_169' title='bbox 1325 1705 1508 1744; x_wconf 84' lang='lat' dir='ltr'>Sokrates</span> 
     </span>
     <span class='ocr_line' id='line_1_22' title="bbox 19 1772 1508 1823; baseline 0.003 -14"><span class='ocrx_word' id='word_1_170' title='bbox 19 1772 279 1821; x_wconf 81' lang='lat' dir='ltr'>widerlegen,</span> <span class='ocrx_word' id='word_1_171' title='bbox 313 1773 481 1811; x_wconf 90' lang='lat' dir='ltr'>sondern</span> <span class='ocrx_word' id='word_1_172' title='bbox 512 1774 582 1811; x_wconf 85' lang='lat' dir='ltr'>der</span> <span class='ocrx_word' id='word_1_173' title='bbox 602 1773 857 1823; x_wconf 81' lang='lat' dir='ltr'>Darstellung</span> <span class='ocrx_word' id='word_1_174' title='bbox 879 1774 949 1812; x_wconf 89' lang='lat' dir='ltr'>der</span> <span class='ocrx_word' id='word_1_175' title='bbox 969 1775 1137 1813; x_wconf 86' lang='lat' dir='ltr'>anderen</span> <span class='ocrx_word' id='word_1_176' title='bbox 1160 1775 1382 1813; x_wconf 85' lang='lat' dir='ltr'>Sokratiker</span> <span class='ocrx_word' id='word_1_177' title='bbox 1403 1776 1508 1815; x_wconf 85' lang='lat' dir='ltr'>Kon-</span> 
     </span>
     <span class='ocr_line' id='line_1_23' title="bbox 20 1842 1507 1891; baseline 0.004 -12"><span class='ocrx_word' id='word_1_178' title='bbox 20 1842 188 1880; x_wconf 80' lang='lat' dir='ltr'>kurrenz</span> <span class='ocrx_word' id='word_1_179' title='bbox 218 1843 364 1891; x_wconf 79' lang='lat' dir='ltr'>bieten,</span> <span class='ocrx_word' id='word_1_180' title='bbox 397 1844 508 1881; x_wconf 91' lang='lat' dir='ltr'>nicht</span> <span class='ocrx_word' id='word_1_181' title='bbox 538 1844 668 1882; x_wconf 88' lang='lat' dir='ltr'>indem</span> <span class='ocrx_word' id='word_1_182' title='bbox 699 1844 799 1883; x_wconf 86' lang='lat' dir='ltr'>Xen.</span> <span class='ocrx_word' id='word_1_183' title='bbox 829 1845 886 1883; x_wconf 87' lang='lat' dir='ltr'>sie</span> <span class='ocrx_word' id='word_1_184' title='bbox 916 1845 982 1882; x_wconf 71' lang='lat' dir='ltr'>fiir</span> <span class='ocrx_word' id='word_1_185' title='bbox 1012 1845 1123 1884; x_wconf 78' lang='lat' dir='ltr'>fiktiv</span> <span class='ocrx_word' id='word_1_186' title='bbox 1154 1846 1301 1884; x_wconf 75' lang='lat' dir='ltr'>erklart</span> <span class='ocrx_word' id='word_1_187' title='bbox 1332 1847 1413 1884; x_wconf 87' lang='lat' dir='ltr'>und</span> <span class='ocrx_word' id='word_1_188' title='bbox 1444 1847 1507 1885; x_wconf 89' lang='lat' dir='ltr'>die</span> 
     </span>
     <span class='ocr_line' id='line_1_24' title="bbox 21 1913 1508 1967; baseline 0.003 -17"><span class='ocrx_word' id='word_1_189' title='bbox 21 1913 170 1962; x_wconf 82' lang='lat' dir='ltr'>seinige</span> <span class='ocrx_word' id='word_1_190' title='bbox 201 1913 260 1951; x_wconf 87' lang='lat' dir='ltr'>als</span> <span class='ocrx_word' id='word_1_191' title='bbox 282 1914 407 1963; x_wconf 78' lang='lat' dir='ltr'>wahr,</span> <span class='ocrx_word' id='word_1_192' title='bbox 440 1915 606 1952; x_wconf 87' lang='lat' dir='ltr'>sondern</span> <span class='ocrx_word' id='word_1_193' title='bbox 638 1915 769 1953; x_wconf 88' lang='lat' dir='ltr'>indem</span> <span class='ocrx_word' id='word_1_194' title='bbox 802 1927 845 1953; x_wconf 90' lang='lat' dir='ltr'>er</span> <span class='ocrx_word' id='word_1_195' title='bbox 876 1916 931 1953; x_wconf 89' lang='lat' dir='ltr'>sie</span> <span class='ocrx_word' id='word_1_196' title='bbox 962 1916 1030 1953; x_wconf 79' lang='lat' dir='ltr'>fiir</span> <span class='ocrx_word' id='word_1_197' title='bbox 1060 1917 1508 1967; x_wconf 69' lang='lat' dir='ltr'>erganzungsbediirftig</span> 
     </span>
     <span class='ocr_line' id='line_1_25' title="bbox 18 1983 1506 2035; baseline 0.003 -15"><span class='ocrx_word' id='word_1_198' title='bbox 18 1983 196 2021; x_wconf 56' lang='lat' dir='ltr'>erklart‘4</span> <span class='ocrx_word' id='word_1_199' title='bbox 222 2006 274 2011; x_wconf 92' lang='lat'>—-</span> <span class='ocrx_word' id='word_1_200' title='bbox 298 1996 386 2021; x_wconf 90' lang='lat' dir='ltr'>cum</span> <span class='ocrx_word' id='word_1_201' title='bbox 408 1984 456 2022; x_wconf 88' lang='lat' dir='ltr'>iis</span> <span class='ocrx_word' id='word_1_202' title='bbox 479 1996 578 2034; x_wconf 85' lang='lat' dir='ltr'>quae</span> <span class='ocrx_word' id='word_1_203' title='bbox 600 1985 757 2034; x_wconf 84' lang='lat' dir='ltr'>Hugius</span> <span class='ocrx_word' id='word_1_204' title='bbox 767 1984 797 2035; x_wconf 76' lang='lat'>4)</span> <span class='ocrx_word' id='word_1_205' title='bbox 813 1985 1026 2035; x_wconf 81' lang='lat' dir='ltr'>Apologiae</span> <span class='ocrx_word' id='word_1_206' title='bbox 1047 1986 1297 2024; x_wconf 82' lang='lat' dir='ltr'>adversarius</span> <span class='ocrx_word' id='word_1_207' title='bbox 1319 1987 1367 2025; x_wconf 88' lang='lat' dir='ltr'>de</span> <span class='ocrx_word' id='word_1_208' title='bbox 1388 1987 1506 2026; x_wconf 87' lang='lat' dir='ltr'>huius</span> 
     </span>
     <span class='ocr_line' id='line_1_26' title="bbox 18 2054 1506 2106; baseline 0.003 -15"><span class='ocrx_word' id='word_1_209' title='bbox 18 2054 181 2092; x_wconf 85' lang='lat' dir='ltr'>consilio</span> <span class='ocrx_word' id='word_1_210' title='bbox 213 2054 325 2092; x_wconf 86' lang='lat' dir='ltr'>dicit:</span> <span class='ocrx_word' id='word_1_211' title='bbox 361 2055 468 2104; x_wconf 84' lang='lat' dir='ltr'>„Der</span> <span class='ocrx_word' id='word_1_212' title='bbox 489 2055 630 2093; x_wconf 83' lang='lat' dir='ltr'>Zweck</span> <span class='ocrx_word' id='word_1_213' title='bbox 662 2056 733 2094; x_wconf 90' lang='lat' dir='ltr'>der</span> <span class='ocrx_word' id='word_1_214' title='bbox 755 2055 902 2094; x_wconf 78' lang='lat' dir='ltr'>Sohrift</span> <span class='ocrx_word' id='word_1_215' title='bbox 932 2056 984 2094; x_wconf 88' lang='lat' dir='ltr'>ist</span> <span class='ocrx_word' id='word_1_216' title='bbox 1011 2056 1093 2094; x_wconf 85' lang='lat' dir='ltr'>also</span> <span class='ocrx_word' id='word_1_217' title='bbox 1121 2056 1212 2095; x_wconf 86' lang='lat' dir='ltr'>kein</span> <span class='ocrx_word' id='word_1_218' title='bbox 1241 2057 1416 2106; x_wconf 85' lang='lat' dir='ltr'>anderer,</span> <span class='ocrx_word' id='word_1_219' title='bbox 1448 2059 1506 2096; x_wconf 87' lang='lat' dir='ltr'>als</span> 
     </span>
     <span class='ocr_line' id='line_1_27' title="bbox 23 2123 1506 2179; baseline 0.003 -18"><span class='ocrx_word' id='word_1_220' title='bbox 23 2123 108 2162; x_wconf 86' lang='lat' dir='ltr'>eine</span> <span class='ocrx_word' id='word_1_221' title='bbox 138 2124 312 2173; x_wconf 82' lang='lat' dir='ltr'>logische</span> <span class='ocrx_word' id='word_1_222' title='bbox 344 2125 437 2163; x_wconf 87' lang='lat' dir='ltr'>oder</span> <span class='ocrx_word' id='word_1_223' title='bbox 468 2126 707 2164; x_wconf 87' lang='lat' dir='ltr'>rhetorische</span> <span class='ocrx_word' id='word_1_224' title='bbox 740 2124 794 2178; x_wconf 86' lang='lat' dir='ltr'>[at</span> <span class='ocrx_word' id='word_1_225' title='bbox 826 2139 901 2176; x_wconf 86' lang='lat' dir='ltr'>quo</span> <span class='ocrx_word' id='word_1_226' title='bbox 926 2127 1011 2165; x_wconf 90' lang='lat' dir='ltr'>iure</span> <span class='ocrx_word' id='word_1_227' title='bbox 1031 2125 1142 2179; x_wconf 78' lang='lat' dir='ltr'>hoc?]</span> <span class='ocrx_word' id='word_1_228' title='bbox 1166 2127 1404 2177; x_wconf 73' lang='lat' dir='ltr'>Erganzung</span> <span class='ocrx_word' id='word_1_229' title='bbox 1424 2130 1506 2166; x_wconf 90' lang='lat' dir='ltr'>und</span> 
     </span>
     <span class='ocr_line' id='line_1_28' title="bbox 19 2194 1507 2248; baseline 0.003 -16"><span class='ocrx_word' id='word_1_230' title='bbox 19 2194 303 2244; x_wconf 82' lang='lat' dir='ltr'>Berichtigung</span> <span class='ocrx_word' id='word_1_231' title='bbox 335 2208 383 2233; x_wconf 86' lang='lat' dir='ltr'>zu</span> <span class='ocrx_word' id='word_1_232' title='bbox 415 2196 490 2236; x_wconf 88' lang='lat' dir='ltr'>den</span> <span class='ocrx_word' id='word_1_233' title='bbox 521 2197 644 2234; x_wconf 87' lang='lat' dir='ltr'>schon</span> <span class='ocrx_word' id='word_1_234' title='bbox 665 2209 741 2235; x_wconf 72' lang='lat' dir='ltr'>von</span> <span class='ocrx_word' id='word_1_235' title='bbox 762 2197 933 2235; x_wconf 88' lang='lat' dir='ltr'>anderen</span> <span class='ocrx_word' id='word_1_236' title='bbox 954 2198 1179 2246; x_wconf 81' lang='lat' dir='ltr'>gegebenen</span> <span class='ocrx_word' id='word_1_237' title='bbox 1201 2198 1507 2248; x_wconf 80' lang='lat' dir='ltr'>Darstellungen</span> 
     </span>
     <span class='ocr_line' id='line_1_29' title="bbox 20 2265 1507 2316; baseline 0.003 -13"><span class='ocrx_word' id='word_1_238' title='bbox 20 2265 89 2303; x_wconf 83' lang='lat' dir='ltr'>der</span> <span class='ocrx_word' id='word_1_239' title='bbox 120 2265 526 2316; x_wconf 80' lang='lat' dir='ltr'>Selbstvertcidigung</span> <span class='ocrx_word' id='word_1_240' title='bbox 557 2267 628 2305; x_wconf 91' lang='lat' dir='ltr'>des</span> <span class='ocrx_word' id='word_1_241' title='bbox 660 2266 854 2306; x_wconf 83' lang='lat' dir='ltr'>Sokrates.</span> <span class='ocrx_word' id='word_1_242' title='bbox 910 2268 995 2305; x_wconf 91' lang='lat' dir='ltr'>Und</span> <span class='ocrx_word' id='word_1_243' title='bbox 1027 2268 1155 2306; x_wconf 85' lang='lat' dir='ltr'>dieser</span> <span class='ocrx_word' id='word_1_244' title='bbox 1180 2269 1321 2307; x_wconf 86' lang='lat' dir='ltr'>Zweck</span> <span class='ocrx_word' id='word_1_245' title='bbox 1353 2269 1404 2307; x_wconf 87' lang='lat' dir='ltr'>ist</span> <span class='ocrx_word' id='word_1_246' title='bbox 1435 2271 1507 2308; x_wconf 88' lang='lat' dir='ltr'>mit</span> 
     </span>
     <span class='ocr_line' id='line_1_30' title="bbox 21 2335 1505 2388; baseline 0.003 -15"><span class='ocrx_word' id='word_1_247' title='bbox 21 2335 272 2374; x_wconf 86' lang='lat' dir='ltr'>Bewusstsein</span> <span class='ocrx_word' id='word_1_248' title='bbox 305 2336 363 2375; x_wconf 92' lang='lat' dir='ltr'>bis</span> <span class='ocrx_word' id='word_1_249' title='bbox 395 2349 484 2374; x_wconf 86' lang='lat' dir='ltr'>zum</span> <span class='ocrx_word' id='word_1_250' title='bbox 516 2337 628 2375; x_wconf 85' lang='lat' dir='ltr'>Ende</span> <span class='ocrx_word' id='word_1_251' title='bbox 660 2337 990 2387; x_wconf 51' lang='lat' dir='ltr'>durchgeffihrt‘fl</span> <span class='ocrx_word' id='word_1_252' title='bbox 1042 2339 1149 2377; x_wconf 87' lang='lat' dir='ltr'>Haec</span> <span class='ocrx_word' id='word_1_253' title='bbox 1170 2339 1384 2388; x_wconf 86' lang='lat' dir='ltr'>Apologiae</span> <span class='ocrx_word' id='word_1_254' title='bbox 1415 2352 1505 2378; x_wconf 88' lang='lat' dir='ltr'>cum</span> 
     </span>
     <span class='ocr_line' id='line_1_31' title="bbox 15 2405 1504 2449; baseline 0.004 -6"><span class='ocrx_word' id='word_1_255' title='bbox 15 2405 336 2445; x_wconf 86' lang='lat' dir='ltr'>Memorabilibus</span> <span class='ocrx_word' id='word_1_256' title='bbox 355 2408 526 2446; x_wconf 81' lang='lat' dir='ltr'>affinitas</span> <span class='ocrx_word' id='word_1_257' title='bbox 546 2412 627 2446; x_wconf 87' lang='lat' dir='ltr'>tam</span> <span class='ocrx_word' id='word_1_258' title='bbox 645 2412 729 2447; x_wconf 85' lang='lat' dir='ltr'>arta</span> <span class='ocrx_word' id='word_1_259' title='bbox 748 2409 811 2447; x_wconf 89' lang='lat' dir='ltr'>dic</span> <span class='ocrx_word' id='word_1_260' title='bbox 830 2421 957 2447; x_wconf 87' lang='lat' dir='ltr'>annon</span> <span class='ocrx_word' id='word_1_261' title='bbox 980 2409 1198 2448; x_wconf 85' lang='lat' dir='ltr'>sententiae</span> <span class='ocrx_word' id='word_1_262' title='bbox 1220 2414 1376 2449; x_wconf 86' lang='lat' dir='ltr'>nostrae</span> <span class='ocrx_word' id='word_1_263' title='bbox 1389 2411 1504 2449; x_wconf 84' lang='lat' dir='ltr'>valde</span> 
     </span>
     <span class='ocr_line' id='line_1_32' title="bbox 22 2477 1506 2530; baseline 0.003 -16"><span class='ocrx_word' id='word_1_264' title='bbox 22 2477 271 2526; x_wconf 80' lang='lat' dir='ltr'>suffragetur3</span> <span class='ocrx_word' id='word_1_265' title='bbox 305 2490 424 2527; x_wconf 85' lang='lat' dir='ltr'>quare</span> <span class='ocrx_word' id='word_1_266' title='bbox 456 2479 628 2528; x_wconf 86' lang='lat' dir='ltr'>profecto</span> <span class='ocrx_word' id='word_1_267' title='bbox 659 2479 767 2516; x_wconf 87' lang='lat' dir='ltr'>aliud</span> <span class='ocrx_word' id='word_1_268' title='bbox 797 2480 969 2518; x_wconf 80' lang='lat' dir='ltr'>feremus</span> <span class='ocrx_word' id='word_1_269' title='bbox 996 2480 1184 2518; x_wconf 88' lang='lat' dir='ltr'>iudicium</span> <span class='ocrx_word' id='word_1_270' title='bbox 1211 2484 1328 2530; x_wconf 83' lang='lat' dir='ltr'>atque</span> <span class='ocrx_word' id='word_1_271' title='bbox 1349 2481 1506 2530; x_wconf 84' lang='lat' dir='ltr'>Hugius</span> 
     </span>
     <span class='ocr_line' id='line_1_33' title="bbox 19 2547 1504 2600; baseline 0.003 -15"><span class='ocrx_word' id='word_1_272' title='bbox 19 2547 87 2597; x_wconf 84' lang='lat' dir='ltr'>qui</span> <span class='ocrx_word' id='word_1_273' title='bbox 118 2560 302 2597; x_wconf 84' lang='lat' dir='ltr'>pergens:</span> <span class='ocrx_word' id='word_1_274' title='bbox 342 2548 484 2596; x_wconf 86' lang='lat' dir='ltr'>„Kann</span> <span class='ocrx_word' id='word_1_275' title='bbox 517 2562 624 2597; x_wconf 86' lang='lat' dir='ltr'>man,</span> <span class='ocrx_word' id='word_1_276' title='bbox 662 2550 807 2599; x_wconf 83' lang='lat' dir='ltr'>inquit,</span> <span class='ocrx_word' id='word_1_277' title='bbox 845 2562 927 2588; x_wconf 89' lang='lat' dir='ltr'>nun</span> <span class='ocrx_word' id='word_1_278' title='bbox 960 2551 1052 2588; x_wconf 89' lang='lat' dir='ltr'>aber</span> <span class='ocrx_word' id='word_1_279' title='bbox 1085 2551 1270 2600; x_wconf 85' lang='lat' dir='ltr'>glauben,</span> <span class='ocrx_word' id='word_1_280' title='bbox 1305 2552 1377 2589; x_wconf 88' lang='lat' dir='ltr'>dass</span> <span class='ocrx_word' id='word_1_281' title='bbox 1406 2552 1504 2591; x_wconf 87' lang='lat' dir='ltr'>Xen.</span> 
     </span>
     <span class='ocr_line' id='line_1_34' title="bbox 20 2617 1506 2671; baseline 0.004 -17"><span class='ocrx_word' id='word_1_282' title='bbox 20 2617 126 2656; x_wconf 88' lang='lat' dir='ltr'>seine</span> <span class='ocrx_word' id='word_1_283' title='bbox 163 2619 547 2658; x_wconf 82' lang='lat' dir='ltr'>schriftstellerische</span> <span class='ocrx_word' id='word_1_284' title='bbox 586 2619 782 2669; x_wconf 74' lang='lat' dir='ltr'>Tatigkeit</span> <span class='ocrx_word' id='word_1_285' title='bbox 819 2620 917 2658; x_wconf 72' lang='lat' dir='ltr'>iiber</span> <span class='ocrx_word' id='word_1_286' title='bbox 955 2621 1091 2659; x_wconf 87' lang='lat' dir='ltr'>seinen</span> <span class='ocrx_word' id='word_1_287' title='bbox 1123 2621 1319 2671; x_wconf 84' lang='lat' dir='ltr'>geliebten</span> <span class='ocrx_word' id='word_1_288' title='bbox 1357 2622 1506 2660; x_wconf 88' lang='lat' dir='ltr'>Lehrer</span> 
     </span>
    </p>
   </div>
   <div class='ocr_carea' id='block_1_3' title="bbox 17 2698 299 2705">
    <p class='ocr_par' dir='ltr' id='par_1_5' title="bbox 17 2698 299 2705">
     <span class='ocr_line' id='line_1_35' title="bbox 17 2698 299 2705; baseline 0 635"><span class='ocrx_word' id='word_1_289' title='bbox 17 2698 299 2705; x_wconf 95' lang='lat' dir='ltr'> </span> 
     </span>
    </p>
   </div>
   <div class='ocr_carea' id='block_1_4' title="bbox 136 2733 1503 2955">
    <p class='ocr_par' dir='ltr' id='par_1_6' title="bbox 136 2733 1503 2896">
     <span class='ocr_line' id='line_1_36' title="bbox 138 2733 1502 2780; baseline 0.003 -15"><span class='ocrx_word' id='word_1_290' title='bbox 138 2734 172 2776; x_wconf 89' lang='lat'>1)</span> <span class='ocrx_word' id='word_1_291' title='bbox 198 2733 291 2767; x_wconf 89' lang='lat' dir='ltr'>Xen.</span> <span class='ocrx_word' id='word_1_292' title='bbox 318 2733 466 2768; x_wconf 82' lang='lat' dir='ltr'>Studien</span> <span class='ocrx_word' id='word_1_293' title='bbox 492 2733 566 2778; x_wconf 89' lang='lat' dir='ltr'>HI,</span> <span class='ocrx_word' id='word_1_294' title='bbox 598 2734 680 2768; x_wconf 86' lang='lat' dir='ltr'>Ber.</span> <span class='ocrx_word' id='word_1_295' title='bbox 702 2735 734 2768; x_wconf 89' lang='lat' dir='ltr'>d.</span> <span class='ocrx_word' id='word_1_296' title='bbox 756 2734 873 2768; x_wconf 54' lang='lat' dir='ltr'>XVien.</span> <span class='ocrx_word' id='word_1_297' title='bbox 895 2735 959 2768; x_wconf 58' lang='grc' dir='ltr'>ΑΒ.</span> <span class='ocrx_word' id='word_1_298' title='bbox 981 2734 1182 2769; x_wconf 85' lang='lat' dir='ltr'>LXXXIII</span> <span class='ocrx_word' id='word_1_299' title='bbox 1203 2735 1342 2780; x_wconf 77' lang='lat'>(1876),</span> <span class='ocrx_word' id='word_1_300' title='bbox 1375 2747 1407 2779; x_wconf 89' lang='lat' dir='ltr'>p.</span> <span class='ocrx_word' id='word_1_301' title='bbox 1425 2736 1502 2771; x_wconf 84' lang='lat'>169.</span> 
     </span>
     <span class='ocr_line' id='line_1_37' title="bbox 137 2791 1503 2837; baseline 0.001 -12"><span class='ocrx_word' id='word_1_302' title='bbox 137 2791 172 2835; x_wconf 83' lang='lat'>2)</span> <span class='ocrx_word' id='word_1_303' title='bbox 198 2791 251 2825; x_wconf 92' lang='lat' dir='ltr'>De</span> <span class='ocrx_word' id='word_1_304' title='bbox 277 2792 370 2827; x_wconf 86' lang='lat' dir='ltr'>Xen.</span> <span class='ocrx_word' id='word_1_305' title='bbox 398 2803 486 2836; x_wconf 83' lang='lat' dir='ltr'>quae</span> <span class='ocrx_word' id='word_1_306' title='bbox 513 2792 579 2827; x_wconf 90' lang='lat' dir='ltr'>dic.</span> <span class='ocrx_word' id='word_1_307' title='bbox 607 2792 707 2837; x_wconf 85' lang='lat' dir='ltr'>Apol.</span> <span class='ocrx_word' id='word_1_308' title='bbox 736 2795 771 2827; x_wconf 91' lang='lat' dir='ltr'>et</span> <span class='ocrx_word' id='word_1_309' title='bbox 796 2794 886 2827; x_wconf 84' lang='lat' dir='ltr'>extr.</span> <span class='ocrx_word' id='word_1_310' title='bbox 914 2793 1049 2829; x_wconf 87' lang='lat' dir='ltr'>Comm.</span> <span class='ocrx_word' id='word_1_311' title='bbox 1077 2804 1169 2837; x_wconf 86' lang='lat' dir='ltr'>cap.,</span> <span class='ocrx_word' id='word_1_312' title='bbox 1197 2794 1279 2828; x_wconf 85' lang='lat' dir='ltr'>diss.</span> <span class='ocrx_word' id='word_1_313' title='bbox 1305 2793 1383 2828; x_wconf 86' lang='lat' dir='ltr'>Hal.</span> <span class='ocrx_word' id='word_1_314' title='bbox 1402 2794 1503 2829; x_wconf 77' lang='lat'><strong>1873.</strong></span> 
     </span>
     <span class='ocr_line' id='line_1_38' title="bbox 136 2850 1030 2896; baseline 0.001 -12"><span class='ocrx_word' id='word_1_315' title='bbox 136 2850 172 2894; x_wconf 83' lang='lat'>3)</span> <span class='ocrx_word' id='word_1_316' title='bbox 198 2850 273 2884; x_wconf 91' lang='lat' dir='ltr'>Der</span> <span class='ocrx_word' id='word_1_317' title='bbox 297 2851 400 2885; x_wconf 84' lang='lat' dir='ltr'>echte</span> <span class='ocrx_word' id='word_1_318' title='bbox 425 2862 459 2885; x_wconf 90' lang='lat' dir='ltr'>u.</span> <span class='ocrx_word' id='word_1_319' title='bbox 487 2852 551 2885; x_wconf 87' lang='lat' dir='ltr'>der</span> <span class='ocrx_word' id='word_1_320' title='bbox 576 2851 669 2886; x_wconf 86' lang='lat' dir='ltr'>Xen.</span> <span class='ocrx_word' id='word_1_321' title='bbox 697 2852 861 2886; x_wconf 82' lang='lat' dir='ltr'>Sokrates</span> <span class='ocrx_word' id='word_1_322' title='bbox 878 2852 897 2886; x_wconf 85' lang='lat'>1</span> <span class='ocrx_word' id='word_1_323' title='bbox 922 2863 954 2896; x_wconf 90' lang='lat' dir='ltr'>p.</span> <span class='ocrx_word' id='word_1_324' title='bbox 975 2853 1030 2887; x_wconf 82' lang='lat'>53.</span> 
     </span>
    </p>

    <p class='ocr_par' dir='ltr' id='par_1_7' title="bbox 137 2909 1216 2955">
     <span class='ocr_line' id='line_1_39' title="bbox 137 2909 1216 2955; baseline 0.004 -14"><span class='ocrx_word' id='word_1_325' title='bbox 137 2909 173 2952; x_wconf 84' lang='lat'>4)</span> <span class='ocrx_word' id='word_1_326' title='bbox 199 2909 243 2944; x_wconf 89' lang='lat' dir='ltr'>In</span> <span class='ocrx_word' id='word_1_327' title='bbox 268 2909 441 2953; x_wconf 75' lang='lat' dir='ltr'>Koechlyi</span> <span class='ocrx_word' id='word_1_328' title='bbox 471 2910 615 2954; x_wconf 83' lang='lat' dir='ltr'>„Reden</span> <span class='ocrx_word' id='word_1_329' title='bbox 640 2910 713 2944; x_wconf 89' lang='lat' dir='ltr'>und</span> <span class='ocrx_word' id='word_1_330' title='bbox 732 2911 927 2954; x_wconf 78' lang='lat' dir='ltr'>Vortr&#39;age“</span> <span class='ocrx_word' id='word_1_331' title='bbox 955 2922 987 2955; x_wconf 90' lang='lat' dir='ltr'>p.</span> <span class='ocrx_word' id='word_1_332' title='bbox 1007 2911 1216 2946; x_wconf 76' lang='lat'>429—439.</span> 
     </span>
    </p>
   </div>
   <div class='ocr_carea' id='block_1_5' title="bbox 1264 2981 1285 3015">
    <p class='ocr_par' dir='ltr' id='par_1_8' title="bbox 1264 2981 1285 3015">
     <span class='ocr_line' id='line_1_40' title="bbox 1264 2981 1285 3015; baseline 0 0"><span class='ocrx_word' id='word_1_333' title='bbox 1264 2981 1285 3015; x_wconf 84' lang='lat'><strong>2</strong></span> 
     </span>
    </p>
   </div>
  </div>
 </body>
</html>
