1820 3340
275 249 296 285 3
303 247 328 284 4

273 363 491 402 missimum
524 363 696 401 substrui
729 375 828 412 opus
861 366 967 401 esset
992 363 1077 400 eius
1103 363 1470 411 argumentationis,
1503 374 1602 413 quae
1628 362 1763 402 nescio

272 447 322 472 an
365 435 578 483 plurimum
623 434 798 472 omnium
842 434 967 471 valeat
1016 433 1063 470 ad
1108 433 1337 482 Apologiam
1387 434 1427 471 in
1475 445 1590 471 suum
1633 433 1763 472 locum

273 504 566 543 restituendam.
627 504 711 542 Iam
750 504 855 542 enim
891 504 991 542 duae
1022 515 1085 541 res
1117 515 1206 541 esse
1238 508 1421 553 possunt:
1461 509 1578 554 caput
1609 503 1709 541 illud
1740 516 1763 541 a

273 575 533 624 Xenophonte
576 578 644 612 aut
689 578 750 612 est
787 575 1007 623 profectum
1046 577 1112 611 aut
1150 586 1227 612 non
1264 578 1342 624 est;
1387 587 1553 624 quorum
1592 574 1625 611 si
1664 574 1762 612 illud

273 646 582 695 probaverimus,
614 645 798 683 continuo
831 645 879 682 de
902 645 1093 694 ApologIa
1124 645 1293 694 amplius
1321 645 1488 683 dubitari
1517 657 1596 682 non
1621 648 1764 694 potest⁷

274 717 306 753 si
344 717 417 754 hoc
459 715 751 764 agnoverimus,
792 715 953 753 minime
992 715 1131 753 saltem
1169 715 1382 754 verisimile
1421 715 1618 753 videbitur
1653 714 1762 752 illam

273 790 311 824 et
348 787 474 836 ipsam
518 798 604 824 esse
642 786 897 835 suppositam.
967 784 1094 832 Quare
1133 786 1181 823 de
1223 786 1298 824 isto
1342 786 1468 836 capite
1511 798 1616 824 nunc
1653 785 1766 824 nobis

274 857 503 895 videndum.
550 856 555 863 ’

391 929 520 977 Atque
565 927 718 965 etiamsi
762 927 838 964 iam
884 926 974 976 plus
1018 930 1175 964 centum
1220 938 1342 964 annos
1381 938 1445 964 res
1483 931 1543 965 est
1579 939 1602 964 a
1638 927 1765 965 doctis

273 998 435 1047 agitata,
487 997 554 1047 qui
606 1001 732 1035 totum
782 997 850 1035 alii
894 997 1158 1035 damnandum
1203 1000 1459 1045 censuerunt,
1501 997 1568 1035 alii
1612 1000 1761 1047 partem

276 1069 461 1106 maiorem
500 1068 741 1106 minoremve
780 1068 892 1105 uncis
929 1068 1193 1115 incluserunt,
1232 1072 1364 1106 tamen
1401 1068 1479 1106 nisi
1511 1068 1616 1118 quod
1647 1069 1764 1106 verba

276 1133 313 1178 εἷ,
344 1136 423 1191 γὰρ
563 1136 707 1177 ὁτιοῦν
738 1138 885 1177 ποιεῖν
917 1137 956 1190 (ξ
982 1138 1021 1189 9)
1061 1150 1194 1177 omnes
1226 1139 1290 1176 vel
1328 1139 1506 1189 plerique
1543 1139 1765 1188 reprobant,

274 1210 373 1247 nihil
404 1210 508 1247 inter
540 1221 605 1247 eos
638 1209 830 1247 convenit.
881 1209 1079 1247 Nimirum
1106 1212 1297 1259 quotquot
1322 1209 1609 1258 indagaverunt
1634 1209 1766 1259 suspi-

275 1281 426 1328 ciones,
460 1291 594 1318 omnes
626 1292 766 1329 parum
799 1284 893 1317 sunt
924 1281 1146 1329 exploratae
1177 1280 1227 1318 ad
1258 1281 1315 1327 id,
1354 1280 1457 1330 quod
1488 1281 1642 1328 volunt,
1674 1292 1764 1318 con-

276 1351 529 1400 firmandum3
568 1362 658 1388 nam
699 1351 803 1400 quod
835 1351 997 1389 verbum
1030 1349 1338 1403 παραθεωρεῖν
1371 1350 1410 1402 (ξ
1436 1350 1474 1397 7)
1505 1351 1610 1400 apud
1642 1351 1766 1400 scrip-

275 1429 378 1460 tores
416 1421 542 1458 multo
579 1421 817 1459 recentiores
856 1421 1014 1459 demum
1051 1422 1234 1467 recurrit,
1278 1424 1370 1471 post
1407 1433 1468 1470 ea,
1507 1433 1607 1471 quae
1645 1433 1766 1471 supra

277 1491 316 1543 (ξ
341 1492 381 1541 2)
415 1492 613 1540 disputata
646 1495 756 1540 sunt,
796 1492 943 1530 nemini
983 1492 1103 1530 ullius
1135 1492 1332 1530 videbitur
1363 1504 1450 1530 esse
1480 1492 1686 1541 momenti3
1726 1496 1766 1530 et

277 1563 360 1610 vix,
394 1563 541 1611 opinor,
574 1563 750 1610 maioris,
784 1563 889 1612 quod
921 1558 1077 1614 διόπερ
1106 1575 1175 1612 pro
1203 1559 1271 1601 ὅτι
1297 1566 1528 1612 usurpatum
1551 1562 1591 1613 (ξ
1610 1562 1648 1613 7)
1669 1563 1765 1601 item

275 1647 297 1671 a
322 1633 596 1683 Xenophontis
627 1637 753 1671 aetate
780 1633 936 1671 videtur
967 1645 1054 1671 esse
1086 1633 1275 1683 alienum3
1309 1638 1347 1672 et
1380 1645 1479 1683 quae
1510 1633 1673 1682 indigna
1698 1646 1767 1672 vo-

276 1704 434 1742 luerunt
472 1715 560 1742 esse
598 1703 860 1753 Xenophonte
899 1704 961 1742 vel
998 1705 1045 1742 ab
1083 1704 1168 1742 eius
1205 1704 1397 1742 institutis
1437 1704 1675 1754 discrepare,
1720 1716 1765 1742 ea

275 1778 343 1812 aut
382 1774 529 1812 iniuste
567 1775 908 1824 reprehenduntur
947 1778 1013 1812 aut
1050 1787 1128 1812 non
1165 1778 1244 1813 tam
1282 1787 1304 1812 a
1341 1787 1432 1813 vero
1470 1775 1676 1813 abhorrere
1709 1775 1766 1812 vi-

278 1845 420 1883 dentur
445 1844 705 1894 Xenophonte
738 1858 854 1894 quam
885 1846 932 1883 ab
965 1858 1028 1894 eo,
1060 1845 1216 1895 qualem
1248 1846 1322 1883 sibi
1353 1845 1413 1882 illi
1444 1846 1646 1884 finxerunt
1677 1846 1765 1896 ipsi.

394 1915 521 1954 Immo
560 1915 771 1966 separatim
808 1916 881 1954 hoc
914 1919 1033 1966 caput
1062 1916 1224 1964 iustam,
1262 1917 1394 1966 credo,
1433 1916 1643 1955 damnandi
1674 1929 1766 1955 cau-

278 1999 360 2024 sam
390 1987 552 2036 praebet
582 1986 743 2024 nullam.
805 1988 859 2024 At
889 1999 981 2025 vero
1013 1987 1046 2024 si
1078 1999 1168 2025 cum
1199 1987 1391 2036 Apologia
1421 1987 1462 2024 id
1499 1988 1767 2037 composueris

278 2061 316 2095 et
360 2069 437 2107 qua
479 2057 629 2095 ratione
674 2069 762 2094 cum
809 2057 991 2106 exemplo
1036 2069 1105 2095 suo
1150 2057 1233 2095 eius
1276 2061 1411 2095 auctor
1447 2057 1572 2106 egerit
1607 2057 1767 2106 videris,

278 2127 454 2166 invenies
477 2127 661 2177 equidem
682 2127 791 2165 haud
812 2139 954 2177 pauca,
987 2140 1086 2177 quae
1109 2139 1202 2166 sane
1228 2128 1385 2165 dubiam
1416 2128 1580 2166 reddere
1611 2128 1765 2178 possint

277 2198 416 2247 capitis
459 2198 568 2235 illius
613 2198 815 2247 originem.
891 2199 1069 2236 Primum
1113 2210 1176 2236 res
1223 2198 1415 2248 quaedam
1457 2199 1643 2237 leviores:
1694 2211 1766 2248 pro

278 2268 449 2318 simplici
487 2268 702 2318 Apologiae
742 2265 991 2322 τελευτῆσαι
1030 2269 1282 2318 Xenophonti
1320 2270 1437 2307 etiam
1476 2269 1651 2319 alioquin
1686 2270 1768 2308 usi-

278 2342 357 2377 tato
401 2339 461 2377 bis
505 2336 754 2392 τελευτῆσαι
798 2336 871 2378 τὸν
913 2333 1008 2390 βίον
1045 2340 1203 2389 ponitur
1240 2339 1305 2391 (ἓξ
1330 2340 1365 2378 1.
1397 2338 1435 2389 6)
1478 2340 1654 2390 itemque
1697 2352 1768 2390 pro

276 2405 397 2462 μέχρι
437 2407 578 2449 τοῢόεε
623 2405 745 2463 μέχρι
784 2407 907 2449 τοῦδε
943 2413 1019 2449 τοῦ
1052 2407 1201 2462 χρόνου
1240 2410 1306 2462 (ἐξ
1338 2412 1374 2449 6.
1406 2412 1462 2460 7),
1505 2423 1576 2461 pro
1613 2411 1770 2461 poetico

277 2477 505 2529 βιοτεύεινῑ
540 2477 621 2534 ζῆν,
656 2494 725 2531 pro
758 2475 796 2520 εἶ
827 2476 893 2520 ἔτι
925 2478 1195 2535 προβήσεται
1228 2479 1252 2535 ἡ
1285 2475 1449 2535 ἡλικίαι
1482 2476 1521 2520 εἰ
1545 2478 1765 2532 βιώσομαι

278 2545 418 2590 πλείω
449 2548 614 2604 χρόνον;
653 2552 872 2591 infinitivus
910 2553 1096 2591 orationis
1134 2552 1315 2603 obliquae
1351 2555 1440 2602 post
1477 2546 1579 2591 ε’πεί
1607 2553 1673 2591 vel
1710 2549 1771 2600 ὡς

278 2622 449 2660 evitatur
480 2621 549 2674 (ἐξ
572 2624 611 2662 4.
636 2624 674 2661 5.
703 2623 760 2671 6),
798 2623 1051 2661 dulcissimae
1083 2624 1254 2673 denique
1286 2624 1494 2661 verborum
1525 2623 1768 2662 collocationi

277 2692 489 2742 aliquando
520 2693 821 2742 languidissima
844 2694 1095 2732 substituitur
1117 2694 1179 2744 (cf.
1201 2693 1395 2743 imprimis
1417 2693 1529 2743 Apol.
1562 2693 1586 2745 ξς
1610 2695 1633 2732 3
1667 2696 1765 2732 extr.

279 2818 319 2842 eo
337 2818 450 2853 usque
469 2808 656 2853 processit,
682 2810 723 2842 ut
741 2808 873 2843 diceret
893 2809 939 2852 (p.
957 2809 1023 2844 105
1050 2819 1083 2842 n.
1100 2808 1151 2852 1):
1181 2808 1276 2851 „Auf
1292 2808 1349 2842 die
1366 2807 1617 2852 Hypothesen,
1632 2806 1768 2842 welche

278 2866 334 2901 die
360 2867 525 2901 Echtheit
557 2868 618 2901 der
643 2866 813 2911 Apologie
845 2878 906 2901 um
938 2867 993 2901 die
1019 2866 1208 2911 Preisgabe
1237 2867 1298 2901 des
1325 2866 1478 2911 Capitels
1503 2867 1566 2901 der
1590 2866 1768 2902 Memora-

277 2923 385 2959 bilien
411 2925 558 2969 kaufen,
586 2925 782 2969 einzugehn
809 2925 902 2960 halte
928 2925 984 2960 ich
1010 2925 1107 2959 nicht
1132 2926 1190 2959 fiir
1216 2926 1279 2960 der
1303 2925 1412 2960 Muhe
1437 2927 1556 2960 wert.“
