1820 3340
1470 275 1551 314 107

70 391 319 440 confidentia,
353 391 422 429 sed
443 403 493 429 ne
515 391 593 440 pilo
616 391 775 440 quidem
796 390 1011 429 modestius
1033 390 1300 428 Memorabilia
1321 390 1551 441 loquuntur3

69 466 184 513 atque
215 457 410 513 ἄγασθαι
443 454 594 500 ἑαυτοῦ
615 461 870 511 Xenophonti
902 461 1007 499 haud
1027 460 1081 499 ita
1101 461 1296 499 lubricum
1316 473 1403 499 esse
1425 461 1553 499 visum

68 533 207 570 docent
237 532 312 569 loci
343 531 437 569 duo:
471 531 585 569 Mem.
607 531 649 569 ΙΙ
676 532 770 581 1,19
802 527 900 577 τοὺς
931 525 978 569 δὲ
1009 533 1265 579 πονοῦντας,
1298 527 1368 568 ἵνα
1401 525 1553 583 φίλους

68 598 259 655 ἀγαθοὺς
288 598 529 655 κτήσωνται
563 630 572 639 .
597 630 606 639 .
631 630 641 639 .
680 604 777 648 πῶς
815 596 892 639 οὐκ
929 598 1104 640 οἴεσθαι
1146 598 1224 654 χρὴ
1262 597 1436 648 τούτους
1474 597 1549 640 καὶ

67 671 216 711 πονεῖν
247 666 379 725 ἡδέως
410 665 471 718 εἷς
501 668 556 709 τὰ
587 674 766 710 τοιαῦτα
797 667 870 709 καὶ
904 667 975 724 ζῆν
1006 667 1382 723 εὐφραινομένους,
1424 667 1551 724 ἀγα-

66 739 245 793 μένους
285 737 374 791 μὲν
417 736 643 789 ἑαυτούς,
688 737 1021 791 ἐπαινουμένους
1065 737 1111 780 δὲ
1154 738 1228 780 καὶ
1275 737 1552 796 ζηλουμένους

68 810 154 852 ὑπὸ
185 815 268 851 τῶν
300 808 457 860 ἄλλωνς
493 816 532 850 et
563 813 687 850 Anab.
711 812 730 850 I
753 811 789 860 9,
804 820 868 855 29:
906 809 1030 864 παρὰ
1062 807 1109 850 δὲ
1139 807 1352 863 βασιλέως
1388 808 1548 851 πολλοὶ

67 880 179 935 πρὸς
220 883 359 935 Κῦρον
402 879 617 936 ἀπῆλθον,
663 878 817 936 ἐπειδὴ
860 877 1068 932 πολέμιοι
1107 878 1307 936 ἀλλήλοις
1344 877 1549 934 ἐγένοντο,

68 950 141 992 καὶ
172 946 288 992 οὗτοι
318 948 465 1003 μέντοι
497 947 537 991 οἳ
569 949 760 1003 μάλιστα
791 946 965 999 ἑαυτοὺς
1003 948 1256 1004 dydimam)
1296 975 1349 980 —-
1394 953 1553 992 Deside-

67 1025 150 1063 rari
179 1025 340 1074 denique
370 1024 472 1062 inter
501 1024 707 1062 senectutis
738 1023 1003 1067 incommoda,
1045 1024 1148 1073 quod
1186 1024 1367 1061 omnium
1403 1024 1552 1073 oravis-

67 1096 215 1133 simum
259 1107 348 1133 eum
391 1095 461 1141 sit,
507 1098 591 1132 tum
638 1094 788 1132 Socrati
829 1094 951 1132 videri
987 1094 1175 1132 debuerit:
1222 1094 1306 1131 ‘secl
1342 1094 1553 1143 Apoloyiae

68 1166 264 1215 scriptori,
297 1165 441 1215 inquit,
473 1168 542 1202 aut
571 1165 652 1214 ipsi
673 1161 948 1203 διανοεῖσθαι
968 1163 1107 1217 χεῖρον
1138 1177 1218 1202 non
1243 1165 1343 1202 tanti
1363 1165 1552 1203 momenti

69 1237 167 1285 fuit,
200 1236 339 1285 quanti
369 1232 471 1288 ὀροῖν
501 1248 548 1274 τε
579 1230 653 1273 καὶ
686 1231 857 1274 ἀκούειν
888 1228 1014 1288 ἧττον
1044 1239 1113 1272 aut
1144 1236 1301 1273 incauto
1322 1235 1476 1281 accidit,
1509 1239 1553 1273 ut

66 1306 271 1355 cupiditate
321 1303 546 1359 [cuiusnam
595 1302 699 1359 rei‘?]
743 1306 922 1355 abreptus
972 1305 1074 1354 quod
1126 1306 1409 1354 {novissimum
1459 1309 1555 1344 esset

61 1376 377 1426 praeteriideret:
412 1389 653 1426 quamquam
684 1380 896 1425 utrumque
932 1377 1058 1426 fuisse
1095 1377 1288 1414 credimus
1299 1376 1318 1414 '.
1380 1376 1550 1426 Nempe:

70 1444 93 1500 ἡ
129 1442 278 1501 ἀγάπη
311 1443 458 1485 πάντα
489 1444 700 1485 πιστεύει.
754 1447 937 1485 Ceterum
969 1447 1017 1485 cf.
1050 1459 1087 1496 p.
1112 1448 1165 1485 28
1181 1458 1210 1485 S.

189 1520 224 1556 5.
258 1517 358 1555 Tum
389 1518 706 1555 Bornemannum
745 1517 1059 1555 Memorabilium
1090 1517 1376 1555 conclusionem
1406 1517 1554 1566 ylossa-

69 1592 196 1626 torum
234 1588 587 1637 interpretamentis
623 1588 854 1637 ineptiisqiie
893 1588 1005 1637 (velut
1039 1585 1112 1626 τὸν
1142 1581 1238 1639 βίον
1275 1588 1327 1625 ad
1357 1585 1554 1626 τελευτᾶν

68 1658 255 1708 apposito)
288 1659 472 1707 refertam
503 1671 583 1696 esse
614 1658 913 1696 contendentem
945 1658 1050 1696 facili
1082 1658 1237 1707 negotio
1268 1658 1443 1708 repellit3
1484 1658 1554 1697 sed

68 1729 200 1767 statim
231 1729 315 1778 ipse
347 1729 485 1767 eadem
515 1729 766 1778 vituperandi
796 1729 1098 1778 intemperantia
1135 1728 1314 1778 adiungit
1352 1729 1463 1767 verba
1495 1722 1553 1767 ὧν

68 1794 236 1849 ἓζιιαθον
273 1800 316 1837 in
347 1800 538 1848 Apoloyici
580 1799 632 1837 ad
674 1795 1089 1854 ἐπιλησμονέστερον
1122 1793 1380 1851 ἀποβαίνειν
1422 1800 1554 1838 addita

68 1869 279 1908 admodum
314 1869 476 1919 frigere:
517 1870 631 1919 ‘quid
669 1870 775 1908 enim
805 1870 915 1908 aliud
945 1870 1115 1908 oblivisci
1138 1874 1266 1919 pote-57
1299 1883 1420 1920 quam
1452 1870 1556 1920 quod

68 1940 247 1978 didiceris
260 1941 279 1978 ,9
289 1940 298 1956 ’

189 2012 226 2049 6.
259 2011 378 2048 Porro
409 2011 520 2060 Apol.
547 2013 568 2048 7
606 2011 787 2059 ‘confuse
818 2011 953 2049 omnia
983 2014 1016 2048 et
1047 2011 1188 2048 incerte
1214 2011 1444 2060 composita’
1473 2024 1554 2050 esse

70 2084 215 2119 monet:
254 2081 437 2130 primum
479 2094 561 2119 non
599 2081 775 2130 potuisse
816 2079 1015 2120 Socratem
1059 2085 1138 2119 tam
1182 2081 1297 2130 firme
1339 2093 1554 2120 asseverare

69 2152 211 2190 cicutae
241 2152 317 2189 sibi
337 2151 565 2201 judicatum
596 2152 657 2189 iri.
669 2151 698 2203 2)
760 2152 813 2190 At
844 2152 1030 2190 solemnis
1069 2152 1167 2190 haec
1204 2155 1287 2190 erat
1323 2164 1426 2190 mors
1464 2164 1554 2190 con-

69 2222 348 2260 demnatorum.
382 2245 436 2249 —
474 2222 713 2260 Stultissime
743 2222 877 2260 deinde
907 2235 1052 2260 sanum
1088 2222 1131 2260 id
1165 2234 1304 2272 corpus
1341 2222 1418 2260 diei
1453 2223 1556 2272 quod

68 2292 291 2340 foedissime
311 2296 585 2342 corrumpatur
597 2305 750 2331 veneno.
787 2290 936 2331 Δεινόν
957 2289 1215 2343 πάλαισμα]
1248 2294 1300 2331 At
1321 2305 1554 2342 cognoscere

70 2366 221 2412 poterat
252 2363 508 2402 scholasticus
539 2376 616 2402 non
647 2363 844 2402 medicum
876 2364 940 2402 hic
972 2363 1170 2403 Socratem
1192 2375 1307 2413 agere
1330 2364 1448 2410 velle,
1484 2364 1554 2402 sed

69 2433 117 2471 de
148 2445 308 2483 corpore
340 2433 447 2484 loqui
478 2446 605 2484 usque
635 2434 684 2472 ad
717 2437 881 2473 mortem
914 2447 1007 2473 sano
1039 2438 1079 2473 et
1115 2435 1155 2472 in
1194 2434 1280 2484 ipsa
1317 2437 1441 2473 morte
1478 2447 1554 2473 non

190 2583 222 2626 1)
250 2582 361 2624 Quam
387 2582 575 2617 lectionem
601 2594 663 2627 pro
690 2583 831 2627 vulgata
859 2583 917 2616 ὑπ’
946 2584 1059 2617 αὐτοῦ
1077 2584 1320 2631 ἀγαπώμενοι
1345 2585 1384 2619 L.
1403 2584 1554 2632 Dindor-

68 2641 135 2675 fius
162 2641 315 2675 restituit
339 2641 488 2686 vestigia
514 2643 657 2676 secutus
685 2642 976 2686 praestantissimi
1002 2642 1133 2677 codicis
1159 2642 1196 2678 C.

186 2699 223 2743 2)
250 2699 319 2733 Vix
345 2700 438 2734 enirn
465 2699 558 2734 aliud
590 2700 654 2734 sibi
689 2700 799 2734 velint
830 2700 917 2735 haec
948 2701 1058 2735 verba
1089 2700 1323 2736 subobscura:
1362 2701 1554 2736 ‘Primum

70 2757 169 2792 enim
199 2758 341 2792 mirum
374 2759 471 2793 illud
500 2759 653 2800 videtur,
694 2759 978 2793 commemorari
1007 2759 1157 2803 facilem
1196 2761 1385 2804 quandam
1422 2760 1554 2795 mortis

72 2816 191 2850 viam:
224 2817 365 2852 scilicet
395 2821 550 2852 mortem
570 2829 638 2862 per
666 2818 827 2852 cicutam
851 2818 1002 2861 facilem
1033 2829 1108 2852 esse
1145 2818 1294 2852 dicunt:
1329 2830 1554 2863 quamquam

70 2886 114 2909 ne
138 2875 203 2909 lioc
228 2875 375 2919 quidem
401 2879 477 2910 tam
502 2880 672 2921 apertum
697 2880 791 2919 erat,
818 2876 896 2920 fore
922 2879 961 2911 nt
987 2876 1178 2921 facillima
1202 2877 1335 2912 mortis
1352 2877 1451 2912 ratio
1469 2877 1553 2912 sub-

70 2934 191 2968 eunda
217 2934 365 2969 Socrati
388 2934 643 2970 iudicaretmz'
