1820 3340
1479 257 1529 294 15

160 369 201 406 in
239 369 428 418 scriptore
467 364 648 419 ὀνόμασι
687 367 1062 425 γλωσσηματικοῖς
1099 371 1157 423 (ut
1192 372 1247 409 ait
1280 371 1451 410 Galenus
1490 374 1530 410 in

163 439 309 478 Comm.
337 439 379 476 in
405 439 590 489 Hippocr.
619 436 722 493 περὶ
751 437 877 494 ἄρθρ.
901 441 1041 481 XVIII
1058 443 1177 490 1,414
1191 441 1251 492 Κ.)
1280 443 1528 481 abundante?

100 521 303 559 Postremo
330 533 380 559 ne
408 518 717 572 ὑποτιμᾶσθαι
746 523 904 573 quidem
932 523 970 575 (ξ
995 524 1064 574 23)
1092 524 1328 563 insolentius
1353 537 1423 574 pro
1450 525 1530 564 usi-

159 591 250 630 tatis
288 587 623 642 ἆντιτιμᾶσθαι,
664 593 885 643 τιμᾶσθαι
924 595 987 632 vel
1025 607 1116 633 cum
1153 595 1218 632 vel
1256 595 1340 633 sine
1378 589 1527 647 ἑαυτῷ,

159 665 288 712 τιμᾶν
324 656 462 714 ἑαυτῷ
473 663 499 713 1)
540 663 689 701 dictum
728 664 993 714 suspicionem
1029 665 1114 703 iure
1152 666 1394 715 praebuerit:
1438 679 1528 704 nam

160 732 326 782 scriptor
355 733 447 771 inde
479 734 526 771 ab
553 734 820 773 adulescentia
847 735 888 772 in
915 735 1055 773 alienis
1076 736 1191 774 terris
1214 737 1487 786 peregrinatus
1499 737 1527 784 2)

159 815 229 841 cur
267 804 424 842 illorum
454 804 728 842 vocabulorum
767 806 980 843 discrimen
1018 818 1094 843 non
1127 806 1221 844 satis
1254 807 1526 854 observaverit,

165 886 210 912 eo
231 874 386 912 facilius
408 874 668 925 intellegitur,
691 876 796 926 quod
818 888 893 914 usu
914 880 1083 925 tantum,
1116 889 1195 915 non
1215 877 1302 927 ipsa
1322 878 1528 915 verborum

159 945 200 982 vi
238 945 336 982 illud
376 945 586 984 discrimen
624 949 707 984 erat
743 946 1019 994 constitutum,
1058 950 1097 985 et
1131 948 1235 997 quod
1266 960 1344 986 non
1375 961 1454 986 una
1483 961 1528 986 ac

158 1019 263 1054 certa
294 1028 387 1065 vox,
421 1016 491 1054 sed
522 1017 654 1066 plures
686 1028 731 1055 ea
762 1017 1046 1066 significatione
1077 1019 1417 1069 usurpabanturfl)

158 1109 235 1148 Sed
266 1110 451 1148 universa
487 1110 763 1159 grammaticae
800 1114 1020 1149 structurae
1058 1115 1096 1150 et
1126 1112 1334 1150 verborum
1371 1125 1527 1162 compo-

41 1180 192 1219 sitionis
230 1180 327 1218 ratio
359 1193 448 1219 cum
479 1181 764 1231 Xenophontea
796 1182 893 1220 mire
925 1183 1112 1232 concinit3
1145 1183 1255 1221 velut
1286 1183 1527 1222 atticismum

39 1251 151 1289 illum
189 1264 305 1301 quem
350 1252 496 1301 posteri
539 1252 717 1303 vocant4)
762 1253 950 1290 infinitivi
993 1265 1083 1291 cum
1126 1253 1289 1292 articulo
1328 1254 1526 1293 coniuncti

39 1322 351 1360 enuntiationum
400 1322 590 1360 iustarum
634 1323 719 1361 loco
765 1323 883 1372 positi
927 1323 989 1374 (cf.
1035 1323 1207 1362 Schmid.
1245 1324 1271 1362 l.
1300 1324 1325 1361 l.
1354 1324 1415 1362 IV
1445 1325 1526 1375 84),

39 1405 158 1445 quem
189 1405 303 1430 nemo
335 1393 595 1442 Xenophonte
627 1394 785 1443 saepius
817 1394 1044 1433 adhibuisse
1075 1395 1249 1443 videtur,
1287 1396 1359 1444 Ap.
1393 1399 1528 1434 auctor

38 1464 144 1502 haud
179 1463 308 1501 minus
346 1464 585 1514 frequentat3
625 1465 673 1502 cf.
707 1465 901 1514 imprimis
933 1466 1004 1515 Ap.
1031 1466 1095 1503 17.
1121 1466 1173 1503 18
1207 1478 1298 1503 cum
1330 1466 1526 1504 1110111.ΙῖΤ

39 1536 75 1583 3,
98 1543 236 1577 5—12‚
289 1534 361 1572 Vel
392 1534 694 1573 constructionis
726 1532 838 1573 χαῖα
870 1531 1037 1574 σύνεσιν
1068 1536 1304 1584 audacioris,
1338 1537 1453 1575 cuius
1485 1537 1524 1574 in

37 1617 113 1644 usu
142 1609 223 1643 tam
255 1606 387 1643 creber
418 1609 479 1643 est
505 1605 623 1654 Xen.,
661 1606 886 1655 exemplum
915 1607 1073 1656 praebet
1101 1606 1124 1658 ξ
1147 1607 1192 1656 4,
1227 1619 1395 1657 quocum
1427 1608 1525 1646 bene

37 1676 320 1726 comparaveris
342 1676 442 1714 Hell.
464 1676 527 1714 III
551 1678 587 1725 3,
604 1686 644 1718 4:
679 1680 858 1715 τοιαῦτα
888 1672 1111 1716 ἀκούσασα
1139 1675 1163 1731 ἡ
1192 1674 1325 1725 πόλις
1348 1672 1524 1732 Ἁγησί-

37 1743 138 1785 λαον
169 1743 332 1786 εἵλοντο
362 1742 545 1797 βασιλέα
575 1747 721 1786 aliosve
752 1748 897 1786 multos
930 1749 1156 1799 similesque
1187 1749 1304 1787 locos.
1318 1749 1345 1799 5)

154 1818 207 1855 At
243 1818 339 1867 quid
375 1818 513 1867 plura?
569 1818 708 1856 Nonne
747 1818 933 1867 Cobetus,
979 1820 1166 1858 sermonis
1205 1819 1345 1858 Graeci
1389 1820 1523 1858 existi-

36 1891 160 1926 mator
209 1900 301 1926 sane
357 1889 671 1937 elegantissimus
720 1890 1062 1940 peritissimusque
1112 1894 1152 1928 et
1201 1891 1268 1940 qui
1320 1894 1521 1941 praeterea

156 2040 189 2083 1)
217 2039 272 2075 Cf.
298 2039 743 2083 Meier.-Schoem.-Lips.
794 2039 868 2073 Der
893 2041 954 2074 att.
981 2040 1132 2074 Prozess
1158 2052 1190 2085 p.
1211 2040 1289 2074 214.

155 2098 191 2141 2)
219 2098 408 2139 Conferas,
436 2099 466 2133 si
491 2098 621 2142 placet,
653 2109 741 2142 quae
762 2099 1038 2133 Rutherfitndius
1066 2099 1149 2144 (The
1176 2110 1257 2133 new
1281 2099 1518 2143 Phrynichus

35 2157 145 2192 Lond.
171 2157 276 2202 1881)
308 2158 350 2191 de
383 2157 475 2192 Xen.
509 2157 706 2192 elocutione
744 2158 966 2201 pronuntiat,
1004 2158 1177 2202 imprimis
1209 2170 1241 2202 p.
1266 2158 1335 2193 160
1355 2169 1419 2203 ss.,
1457 2158 1519 2192 ubi

37 2227 117 2251 cum
143 2216 210 2251 alia
234 2218 310 2250 tum
336 2217 440 2251 haec:
469 2217 525 2259 „It
549 2217 578 2251 is
604 2218 667 2251 not
692 2216 776 2260 only
801 2217 837 2250 in
857 2217 918 2251 the
936 2217 1029 2251 form
1048 2218 1085 2251 ot
1102 2218 1218 2251 words
1236 2217 1313 2251 that
1330 2217 1373 2251 he
1393 2217 1520 2251 differs

36 2275 128 2309 from
146 2275 243 2310 Attio
259 2275 416 2319 writers,
444 2275 507 2309 but
531 2276 575 2309 he
603 2274 675 2310 also
701 2286 783 2310 uses
809 2287 917 2319 many
943 2277 1054 2310 ternis
1073 2276 1195 2310 —the
1223 2277 1389 2322 ὀνόματα
1406 2278 1521 2320 γλωσ-

36 2335 220 2381 σηματικά
257 2335 294 2368 of
327 2334 437 2369 Galen
468 2355 513 2359 ——
545 2334 743 2378 altogether
773 2335 951 2369 unknown
982 2336 1018 2369 to
1050 2335 1147 2369 Attic
1184 2346 1287 2379 prose
1321 2336 1390 2369 and
1423 2336 1521 2370 often

36 2393 170 2438 assigns
197 2395 231 2427 to
257 2393 353 2428 Attic
378 2394 494 2428 words
521 2404 540 2427 a
564 2393 730 2437 meaning
755 2395 817 2427 not
843 2393 997 2437 actually
1024 2395 1187 2428 attached
1212 2396 1246 2429 to
1274 2395 1372 2429 them
1397 2395 1435 2428 in
1460 2395 1520 2429 the

35 2451 174 2496 leading
199 2452 361 2487 dialect“.
399 2452 487 2487 Vide
515 2453 619 2487 etiam
645 2452 839 2497 Blassium,
866 2454 938 2487 Att.
966 2453 1112 2487 Bereds.
1139 2454 1199 2487 112²
1224 2455 1304 2488 477.

153 2512 188 2555 3)
216 2511 380 2547 Ceterum
407 2512 512 2546 etiam
532 2512 773 2547 Anaximenes
797 2512 1061 2556 Lampsacenus
1087 2513 1190 2547 Rhet.
1218 2513 1261 2548 ad
1287 2512 1387 2548 Alex.
1408 2512 1522 2547 1437ss

34 2571 294 2617 ὑποτιμᾶσθαι
320 2571 414 2607 dicit.

152 2630 188 2673 4)
219 2629 356 2673 Reapse
389 2629 477 2663 nihil
509 2629 604 2663 aliud
636 2640 718 2663 eum
749 2629 912 2674 cognosci
944 2631 1082 2674 oportet
1112 2630 1180 2665 nisi
1205 2630 1456 2675 Xenophontis
1483 2630 1519 2663 in

35 2687 219 2723 scn'bendo
245 2688 403 2723 incuriae
429 2688 579 2733 signum.

152 2747 187 2791 5)
214 2747 308 2791 §22
334 2747 378 2782 23
404 2758 467 2791 pro
492 2748 533 2781 τὸ
558 2747 629 2794 μὲν
653 2767 698 2772 -
725 2748 765 2781 τὸ
792 2747 829 2781 δὲ
858 2774 864 2781 ,
888 2774 894 2781 .
918 2774 924 2781 .
958 2747 1052 2781 haud
1084 2747 1155 2781 scio
1188 2759 1232 2782 an
1258 2748 1447 2792 legendum
1475 2747 1521 2781 Sit

35 2805 74 2838 τό
99 2817 136 2839 τε
162 2826 206 2830 -
233 2806 273 2839 τὸ
300 2806 337 2840 δὲ
365 2833 371 2840 .
394 2832 401 2840 .
425 2833 449 2849 .,
477 2807 569 2850 quod
600 2806 636 2840 in
662 2806 742 2840 Vat.
762 2808 793 2840 A
818 2808 854 2840 et
878 2806 908 2840 B
933 2805 1085 2840 lectione
1118 2807 1196 2840 τότε
1227 2807 1298 2853 μὲν
1329 2806 1438 2840 latere
1465 2806 1519 2840 vi-

36 2863 150 2898 detur.
191 2864 244 2899 De
263 2865 357 2899 Xen.
384 2866 503 2899 autem
529 2865 736 2909 particulam
764 2865 806 2899 δέ
827 2865 870 2899 ad
897 2865 932 2898 τὲ
960 2866 1234 2909 respondentem
1261 2866 1414 2911 ponendi
1435 2876 1519 2900 con-

35 2922 222 2957 suetudine
249 2924 295 2958 cf.
322 2923 476 2958 Schmid.
502 2923 524 2958 l.
540 2923 562 2958 1.
579 2924 632 2958 IV
651 2924 730 2959 562.
