1820 3340
214 236 264 274 62

214 353 284 392 sed
316 348 438 402 „dm
471 348 548 391 οὐκ
579 352 643 390 vel
675 345 747 400 οὐχ
780 344 935 397 ἱκανῶς
966 345 1139 400 ἔτυχονιι
1172 350 1334 399 legatur.
1396 349 1602 388 Praeterea
1623 361 1702 387 non

213 424 344 462 minus
375 418 676 477 μεγαληγόρως
708 434 825 472 quam
857 422 898 459 in
929 421 1217 471 Xenophontea
1238 420 1416 459 Socrates
1438 420 1477 457 in
1500 419 1701 458 Platonica

212 495 405 545 Apologia
436 493 548 531 dicit:
581 496 737 530 tantum
770 493 935 530 interest
966 495 1010 529 ut
1040 503 1183 540 genere
1204 494 1364 528 utantur
1392 483 1702 544 μεγαληγορίας

213 566 385 604 diverso:
424 564 489 602 hic
525 563 772 613 lepidissimo
811 562 1109 612 Socraticaeque
1147 561 1297 600 ironiae
1333 561 1468 611 pleno,
1505 561 1702 610 incompto

213 636 282 675 ille
314 639 353 674 et
384 635 500 684 paulo
530 633 826 684 importuniore.

332 706 417 744 Iam
455 717 545 744 vero
582 705 651 742 ubi
689 716 768 742 non
806 703 1007 742 Socratem
1044 706 1179 741 auctor
1216 702 1410 741 dicentem
1446 701 1597 740 inducit
1634 700 1704 739 sed

213 778 300 827 ipse
331 777 381 815 de
411 788 456 814 eo
487 775 679 826 loquitur,
712 774 999 824 praedicatione
1031 773 1116 811 eius
1148 773 1286 811 laudes
1323 784 1484 822 prorsus
1523 784 1615 810 sana
1645 771 1704 809 in-

214 848 396 886 venimus
427 846 557 886 efferri
588 846 720 896 itaque
750 848 795 883 ut
825 844 1144 883 Memorabilibus
1176 844 1250 882 hoc
1280 855 1441 882 numero
1472 843 1557 881 sine
1589 842 1706 880 dubio

214 921 405 969 praestet3
451 917 665 967 composita
703 916 861 966 quidem
899 927 987 954 cum
1026 914 1239 964 Apologiae
1275 914 1405 952 verbis
1443 912 1495 965 ἓξ
1520 913 1704 951 32--34

215 994 295 1027 tam
332 989 506 1027 animum
545 999 636 1026 vere
674 990 913 1025 commotum
952 985 1265 1035 significantibus
1297 997 1413 1034 quam
1450 984 1537 1034 ipsa
1574 983 1706 1022 mode-

215 1060 362 1099 ratione
394 1059 725 1109 simplicitateque
747 1057 1037 1108 praestantibus
1058 1057 1193 1094 inflata
1213 1056 1298 1104 illa,
1331 1055 1484 1105 opinor,
1516 1066 1561 1093 ac
1581 1066 1706 1104 paene

216 1131 381 1169 molesta
412 1130 657 1168 videbuntur.
719 1128 772 1166 Ut
803 1127 925 1177 igitur
955 1139 1034 1165 uno
1066 1127 1182 1165 verbo
1214 1138 1297 1164 rem
1319 1126 1706 1175 comprehendamus,

216 1203 250 1240 is
283 1201 480 1249 Socrates,
513 1202 581 1250 qui
611 1200 653 1237 in
684 1199 875 1249 Apologia
905 1198 1094 1246 cernitur,
1132 1198 1247 1236 homo
1284 1201 1346 1235 est
1376 1209 1448 1236 nec
1491 1196 1707 1247 quidquam

217 1272 378 1310 humani
415 1272 462 1310 ab
495 1283 540 1309 00
577 1275 637 1309 est
668 1270 858 1319 alienum,
899 1281 976 1319 qua
1013 1269 1173 1319 quidem
1209 1281 1251 1306 re
1288 1279 1483 1317 perpensa
1519 1267 1708 1317 temporis

217 1342 423 1381 intervallo
455 1342 502 1379 ab
535 1341 620 1380 eius
643 1344 766 1379 morte
787 1340 1019 1390 Apologiam
1042 1352 1159 1389 quam
1182 1339 1343 1376 minimo
1369 1338 1482 1388 quasi
1507 1350 1709 1376 removen-

219 1414 308 1452 dam
340 1425 427 1452 esse
459 1412 653 1460 censebis,
684 1412 804 1461 idque
835 1414 921 1449 tum
953 1410 1124 1448 maxime
1151 1410 1302 1459 ipsum,
1335 1409 1385 1457 si,
1418 1409 1548 1459 qualia
1565 1409 1646 1458 jam
1667 1408 1708 1446 in

219 1484 375 1533 Theage
425 1484 577 1532 dialogo
620 1496 643 1521 a
674 1481 976 1521 Wilamowitzio
1021 1493 1109 1519 cum
1154 1480 1346 1530 Apologia
1389 1479 1528 1518 collato
1569 1491 1708 1530 propo-

219 1558 377 1603 nantur,
410 1553 730 1593 consideraveris.

339 1626 438 1664 Sunt
470 1626 589 1664 etiam
626 1624 719 1673 alia,
763 1635 862 1674 quae
902 1623 935 1661 si
972 1622 1185 1672 posteriore
1222 1625 1348 1660 aetate
1386 1621 1576 1671 Apologia
1620 1623 1711 1659 nata

219 1700 341 1745 esset,
380 1697 448 1734 νὴ(
479 1695 595 1734 credo
625 1695 835 1733 invenires.
898 1693 1036 1743 Neque
1075 1693 1180 1731 enim
1224 1693 1351 1731 solum
1393 1695 1479 1730 tum
1521 1691 1710 1741 tempo1is

222 1768 392 1806 Socratis
423 1759 735 1820 μεγαληγορίαν
766 1777 879 1803 nemo
906 1764 1070 1802 miratus
1092 1766 1212 1809 esset,
1245 1763 1391 1801 nedum
1414 1756 1604 1814 ἀπορίαν
1625 1774 1710 1801 eam

221 1837 506 1876 existimaverit
537 1836 728 1887 peculiari
759 1836 859 1874 libro
891 1835 1202 1884 dissolvendam,
1235 1834 1305 1872 sed
1336 1837 1482 1872 certam
1514 1833 1710 1883 quandam

221 1921 379 1947 causam
424 1908 619 1947 scribendi
663 1907 821 1945 omnino
864 1918 940 1944 non
985 1905 1250 1944 desiderasset
1287 1916 1415 1955 neque
1451 1905 1598 1954 fingere
1636 1903 1711 1942 sibi

222 1992 320 2030 opus
352 1991 439 2018 0330
471 1978 714 2017 credidisset.
777 1977 818 2016 Si
856 1982 986 2015 autem
1024 1977 1147 2015 semel
1183 1976 1224 2013 in
1261 1975 1391 2013 animo
1422 1974 1626 2013 habuisset
1661 1974 1711 2013 de

223 2052 380 2090 Socrate
413 2050 581 2088 scribere
612 2050 746 2087 rhetor
782 2048 925 2098 aliquis
962 2047 1028 2086 vel
1064 2047 1231 2085 rhetoris
1274 2046 1510 2096 discipulus,
1555 2046 1711 2095 qualem

222 2121 435 2171 Apologiae
467 2123 664 2158 auctorem
702 2131 789 2158 esse
820 2118 1019 2168 quidam1)
1051 2118 1207 2165 volunt,
1245 2129 1327 2155 rem
1359 2117 1484 2154 multo
1515 2116 1711 2166 copiosius

343 2261 376 2304 1)
404 2258 512 2293 Velut
537 2257 745 2293 Schenklius
779 2256 1018 2301 (Xenophont.
1047 2255 1209 2299 Studien,
1245 2255 1280 2288 in
1307 2254 1465 2289 relation.
1492 2255 1600 2288 Acad.
1621 2254 1711 2288 Vin-

225 2319 348 2353 dobon.
376 2317 534 2361 LXXX,
567 2328 599 2361 p.
622 2316 720 2361 146):
760 2316 851 2359 „Ich
877 2315 941 2349 bin
973 2315 1084 2349 daher
1115 2314 1291 2348 vielmehr
1324 2314 1386 2347 der
1417 2313 1591 2355 Aozsieht,
1625 2313 1712 2348 dass

223 2377 282 2412 die
307 2377 484 2421 Apoloyie
516 2376 596 2410 eine
622 2376 692 2409 Art
723 2374 954 2409 Beer-citium
988 2373 1054 2416 ist,
1093 2373 1135 2407 in
1168 2373 1270 2407 einer
1300 2372 1606 2407 Rhetorensehule
1635 2374 1712 2406 ent-

224 2436 394 2478 sz‘amlen,
421 2435 501 2470 eine
527 2434 773 2478 Bearbez'tmzq
798 2433 979 2468 desselben
1001 2433 1172 2473 leemas,
1199 2432 1345 2466 welches
1371 2431 1414 2465 in
1439 2432 1520 2465 clem
1536 2430 1714 2465 uneehten

225 2494 445 2538 Endlcapz'tel
477 2493 666 2528 belzamlelt
696 2504 784 2536 war,
817 2493 903 2526 aber
934 2492 978 2526 in
1009 2491 1111 2526 einer
1142 2494 1251 2525 etwas
1282 2490 1505 2525 erweiterten
1530 2489 1712 2533 Fasszmq.

224 2554 331 2588 Diese
359 2552 645 2593 Seke'c‘lerarbeit,
672 2552 731 2586 [lie
756 2551 1023 2596 urspric'nylieh
1048 2550 1138 2584 ohne
1163 2550 1231 2584 den
1248 2549 1396 2584 Namen
1420 2549 1481 2583 des
1502 2548 1713 2591 Verfassers

224 2613 286 2646 ins
312 2612 509 2646 chblz'eum
535 2612 634 2654 leam,
667 2611 790 2645 warde
813 2613 938 2654 spc'z'ter
969 2610 1050 2643 clem
1074 2609 1277 2653 Xenophon
1301 2607 1599 2652 zuyesehriebem
1631 2606 1714 2641 weil

224 2682 315 2706 man
340 2682 409 2705 aus
435 2671 499 2704 der
526 2669 727 2714 vielfaehen
753 2661 1115 2712 Ubereinstimmuny
1140 2667 1211 2701 mit
1238 2667 1372 2702 Stellen
1388 2667 1452 2700 der
1468 2666 1712 2711 Apomnemo-

227 2734 400 2764 neumata
425 2730 503 2764 und
527 2728 754 2764 namentlieh
772 2728 841 2762 mit
866 2728 945 2762 clem
964 2727 1116 2772 Epiloye
1134 2727 1240 2771 jener
1259 2725 1402 2769 Schrift
1427 2724 1502 2768 auf
1511 2724 1714 2769 Xenophon

226 2790 281 2823 als
302 2789 371 2823 den
393 2788 549 2823 Urheber
568 2788 750 2822 derselben
764 2791 870 2821 roten
889 2798 938 2820 κει
952 2790 1102 2820 mz‘c‘ssen
1112 2785 1294 2830 ylaubte.“
1341 2785 1388 2818 Et
1403 2783 1484 2818 ibid.
1503 2783 1712 2825 LXXXIII,

226 2859 259 2891 p.
276 2848 359 2882 169:
387 2847 516 2892 „Alles
542 2847 620 2881 dies
645 2846 742 2890 xeiyt
758 2846 827 2880 itm
852 2857 924 2880 uns
944 2846 1001 2880 als
1019 2845 1126 2879 einen
1144 2843 1340 2878 Menschen
1355 2854 1426 2877 von
1443 2842 1714 2876 besohrc'inktem

232 2906 333 2940 Geist
358 2907 436 2940 und
459 2905 643 2950 mc't'ssiyer
667 2905 831 2940 Lektzssc're.
881 2903 1200 2938 Whhrseheinlieh
1225 2902 1342 2937 haben
1358 2901 1429 2936 wir
1453 2912 1490 2936 es
1508 2901 1577 2935 mit
1594 2900 1714 2935 einem
