1820 3340
1462 268 1514 305 27

29 383 159 432 modo,
192 385 235 420 ut
261 385 417 431 tempus
445 386 484 420 et
515 383 768 432 praeteritum
800 385 839 420 et
869 382 1047 419 futurum
1078 382 1410 431 comprehendere
1443 384 1515 421 sibi

27 453 227 491 videretur
256 453 323 490 illo
353 446 437 490 del:
466 453 626 501 iniuria,
658 452 853 502 siquidem
881 464 971 490 cum
999 453 1129 490 futuro
1163 449 1513 505 μαρτυρήσεσθαι

28 523 280 562 coniunctum
307 516 375 561 ἀεί
401 523 595 572 pertinere
623 535 701 561 nou
728 525 857 572 potest
884 522 960 560 nisi
987 523 1037 560 ad
1062 519 1135 560 τὸν
1157 517 1340 560 ἐπιόντα
1359 520 1516 575 χρόνον.

29 593 112 641 Quo
143 594 289 631 factum
320 596 397 640 est,
430 596 475 631 ut
510 605 602 630 sana
635 596 674 631 et
706 593 914 642 magnifica
945 593 1140 631 sententia
1160 593 1390 643 Apologiae,
1423 594 1517 631 dum

27 664 69 701 in
99 663 214 702 Mem.
246 663 482 711 traducitur,
516 675 594 701 non
626 664 740 701 modo
771 666 971 711 enervata,
1013 663 1083 701 sed
1113 663 1232 701 etiam
1264 664 1358 702 satis
1389 664 1517 701 inanis

28 734 210 772 evaserit:
242 746 332 771 nam
365 734 433 783 qui
464 737 593 783 potest
624 737 716 780 πᾶς
747 731 769 772 ὁ
803 729 942 771 ἐπιὼν
970 732 1118 786 χρόνος
1145 734 1230 783 ipse
1258 734 1444 784 solusque
1470 734 1518 772 de

28 804 185 843 Socrate
209 803 464 856 μαρτυρεῖνὲ
519 804 565 842 In
587 805 691 854 quod
712 803 899 854 loquendi
922 816 1048 852 genus
1070 804 1157 852 vix,
1190 805 1320 853 credo,
1353 805 1519 854 scriptor

26 873 248 923 incidisset,
280 875 359 912 nisi
390 874 573 924 exemplo
604 875 716 924 Apol.
749 874 891 912 fuisset
923 875 1034 924 quasi
1067 874 1330 924 praepeditus.

148 956 188 1007 3)
229 957 489 995 Transeamus
527 957 575 994 ad
612 957 718 995 locos
756 956 962 1006 quosdam,
1001 956 1142 1006 quibus
1180 957 1394 1006 Apologiae
1432 969 1518 996 sen-

29 1027 173 1065 tentias
205 1028 245 1065 M
277 1028 464 1065 dilatavit.

145 1097 401 1147 Primumque
436 1098 549 1135 illum
587 1097 840 1147 inspiciamus
880 1096 1014 1147 (Apol.
1048 1096 1141 1148 §3)
1179 1098 1247 1135 ubi
1283 1098 1519 1146 Hermogeni

27 1168 236 1218 respondet
280 1168 458 1206 Socrates
513 1171 635 1206 totam
686 1180 797 1206 suam
840 1168 962 1205 vitam
1015 1168 1353 1217 praeparationem
1396 1168 1519 1206 fuisse

30 1239 285 1277 defensionis:
331 1235 428 1288 „tiu
467 1233 587 1277 οὐδὲν
625 1234 794 1286 ἄδικον,
834 1238 978 1288 inquit,
1018 1233 1317 1292 διαγεγένημαι
1354 1241 1519 1277 ποιῶν·

28 1305 161 1362 ἥνπερ
206 1303 362 1359 νομίζω
405 1304 585 1363 μελέτην
629 1300 739 1347 εἶναι
784 1302 1016 1363 καλλίστην
1060 1303 1339 1360 ἄπολογιάς.“
1409 1309 1519 1356 Quod

29 1379 95 1429 qui
117 1380 212 1418 dicit
234 1379 328 1429 quid
360 1379 433 1418 sibi
460 1380 573 1427 velit,
608 1380 837 1417 facillimum
869 1383 928 1417 est
959 1380 1181 1417 intellectu:
1215 1380 1283 1429 qui
1313 1379 1412 1417 nihil
1445 1381 1520 1418 cri-

28 1450 146 1488 minis
184 1450 436 1499 commiserit,
476 1462 565 1488 eum
604 1450 703 1487 nihil
742 1450 899 1487 omnino
938 1450 1081 1488 habere
1112 1450 1216 1499 quod
1248 1450 1519 1488 excusandum

28 1520 78 1558 sit
114 1532 187 1558 nec
217 1532 333 1570 posse
366 1522 411 1558 ob
443 1521 484 1557 id
514 1521 646 1570 ipsum
676 1520 760 1558 iure
792 1520 1054 1558 condemnari.
1113 1515 1414 1573 Ἀπόφθεγμα
1446 1525 1518 1566 est,

28 1593 68 1628 et
104 1591 264 1641 quidem
307 1603 400 1629 sane
438 1591 625 1640 lepidum.
688 1591 772 1628 Iam
809 1591 918 1639 vide,
958 1603 1075 1641 quam
1113 1591 1253 1630 misere
1291 1594 1518 1640 corruptum

27 1661 132 1699 idem
160 1661 371 1700 exhibeant
392 1662 506 1700 Mem.
536 1661 559 1712 ξ
582 1663 627 1700 4;
657 1658 755 1711 „five
786 1656 907 1700 οὐδὲν
934 1656 1038 1700 ἄλλο
1060 1664 1204 1700 ποιῶν
1225 1656 1517 1716 διαγεγένηται

28 1732 105 1782 (est
135 1733 239 1770 enim
277 1745 328 1770 or.
362 1731 475 1782 obl),
514 1729 539 1786 ἢ
578 1729 835 1771 διασκοπῶν
870 1727 948 1782 μὲν
986 1728 1041 1770 τά
1078 1745 1125 1771 τε
1157 1726 1306 1770 δίκαια
1351 1728 1425 1770 καὶ
1468 1730 1522 1770 τὰ

32 1798 182 1850 ἄδικα,
219 1799 425 1854 πράττων
463 1800 509 1841 δὲ
546 1800 600 1841 τὰ
638 1797 789 1841 δίκαια
827 1799 901 1841 καὶ
933 1806 1017 1840 τῶν
1054 1796 1215 1841 ἀδίκων
1246 1798 1521 1853 ἀπεχόμενος,

29 1870 162 1926 ἥνπερ
202 1867 366 1923 νομίζοι
403 1867 636 1928 καλλίστην
672 1868 853 1928 μελέτην
891 1867 1132 1925 ἀπολογίας
1170 1865 1321 1912 εἶναι.“
1375 1873 1522 1912 Obscu-

27 1947 156 1982 ratum
192 1944 307 1994 plane
340 1948 400 1982 est
436 1957 599 1983 acumen
638 1939 988 1997 ἀποφθέγματος
1029 1944 1218 1982 brevitate
1255 1944 1341 1991 illa,
1373 1945 1415 1981 in
1447 1957 1522 1994 qua

28 2015 155 2064 posita
192 2018 252 2053 est
289 2018 333 2053 ut
369 2015 480 2053 aiunt
516 2015 639 2053 nostri
676 2015 838 2053 facetiae
876 2015 953 2063 vis,
999 2015 1161 2053 sublata.
1225 2016 1306 2062 „At
1344 2014 1522 2053 Socrates

29 2085 285 2135 philosophus
329 2082 598 2140 θεωρητικὸν
642 2086 766 2134 magis
810 2098 928 2136 quam
971 2082 1217 2138 πρακτικὸν
1253 2078 1348 2135 βίον
1392 2086 1521 2134 egit!“

29 2155 238 2194 Enimvero
276 2156 549 2205 cogitationes,
593 2156 719 2205 aiunt,
763 2157 959 2194 immunes
999 2160 1107 2205 sunt,
1146 2156 1187 2193 in
1223 2155 1369 2194 iudicio
1400 2159 1522 2194 certe:

28 2227 101 2265 hae
138 2238 230 2276 ergo
268 2227 424 2265 nullum
460 2227 526 2265 hic
556 2227 701 2265 habent
731 2227 878 2277 locum;
917 2239 963 2265 ac
993 2239 1043 2264 ne
1074 2227 1176 2264 iuste
1206 2227 1309 2264 facta
1340 2227 1521 2276 quidem:

29 2309 156 2346 neque
192 2297 298 2336 enim
335 2298 402 2347 qui
439 2298 635 2347 permulta
673 2297 776 2336 iuste
813 2297 921 2346 fecit,
961 2298 1007 2335 ab
1040 2297 1361 2335 condemnatione
1392 2300 1523 2335 tutum

31 2379 72 2406 se
109 2371 247 2417 putare
284 2371 433 2418 potest,
478 2369 546 2407 sed
583 2368 651 2418 qui
688 2368 788 2405 nihil
825 2368 980 2406 iniuste.
1042 2368 1253 2418 Egregiam
1290 2368 1401 2406 vides
1439 2379 1522 2406 cor-

29 2438 256 2477 rectionem!
319 2438 468 2477 Verum
512 2451 631 2489 quam
674 2442 824 2477 certum
868 2442 927 2476 est
970 2439 1096 2489 ipsam
1133 2439 1316 2477 facetiam
1354 2439 1521 2489 priorem

31 2520 118 2547 esse
156 2513 337 2559 corrupta
374 2510 459 2547 eius
496 2510 636 2558 forma,
674 2513 754 2547 tam
792 2513 943 2547 certum
974 2509 1073 2547 illud
1105 2521 1261 2559 quoque
1293 2509 1523 2559 Apologiam

31 2580 202 2629 priorem
233 2580 559 2618 Memorabilibus.
623 2581 699 2619 Sed
729 2580 879 2618 diutius
911 2592 1125 2619 moramur:
1170 2581 1256 2619 fieri
1286 2592 1363 2618 non
1395 2583 1523 2630 potest

32 2650 126 2699 quin
148 2650 273 2700 primo
296 2651 428 2689 statim
450 2651 587 2689 obtutu
608 2651 645 2689 h.
660 2651 686 2689 l.
708 2651 854 2699 videat,
878 2663 977 2701 quae
999 2651 1111 2700 Apol.
1134 2651 1523 2700 Memorabiliumque

35 2720 86 2758 sit
115 2721 229 2769 ratio,
261 2722 326 2759 vel
352 2733 491 2760 caecus
519 2744 574 2749 ——
603 2721 824 2770 dummodo,
847 2722 942 2771 quid
964 2733 1101 2759 verum
1123 2721 1189 2769 sit,
1222 2721 1354 2759 videre
1375 2720 1524 2767 velit.1)

154 2871 188 2913 1)
221 2870 288 2913 Qui
314 2871 420 2915 igitur
444 2871 551 2906 Mem.
574 2871 681 2906 verba
706 2871 762 2905 hic
789 2871 967 2915 praeferre
992 2870 1170 2915 potuerint
1195 2869 1369 2913 nonnulli,
1397 2880 1522 2914 parum

35 2927 209 2973 intellego.
253 2929 295 2963 V.
321 2941 372 2974 gr.
400 2930 508 2965 affero
534 2930 699 2965 Pohlium
730 2930 791 2964 1.1.
818 2941 850 2974 p.
877 2930 941 2965 47:
984 2929 1071 2974 „Die
1103 2931 1195 2964 erste
1225 2929 1424 2974 Divergenz
1454 2940 1524 2964 von
