1820 3340
1489 223 1542 260 87

64 339 122 376 Ac
153 348 202 375 ne
233 348 277 374 eo
298 335 456 385 quidem
478 338 725 384 argumento,
757 335 859 384 quod
881 347 932 373 ex
953 335 1134 384 Dionysii
1157 335 1223 385 qui
1245 337 1367 374 fertur
1390 337 1545 376 silentio

63 407 227 456 colligit,
260 405 507 443 tribuendum
539 406 750 455 quicquam
782 417 869 443 esse
901 408 1025 455 patet,
1058 407 1290 455 praesertim
1331 419 1421 445 cum
1458 420 1544 457 par-

63 478 199 515 vulum
229 477 302 514 hoc
333 476 524 525 scriptum
555 475 872 513 Memorabilibus
904 476 1155 514 obscuratum
1194 488 1282 514 esse
1320 489 1434 515 nemo
1472 479 1545 514 mi-

63 548 139 585 rari
170 547 305 596 possit.

183 617 355 654 Alteram
405 628 494 654 vero
545 616 731 655 rationem
782 616 890 654 hisce
939 616 1069 654 verbis
1119 617 1340 665 significare
1390 618 1546 655 videtur

64 687 387 725 Valckenaerius:
427 687 535 733 „Est
572 686 640 724 illa
671 687 739 724 hoc
769 686 925 735 inyenio
957 686 1113 735 capitali
1140 699 1305 735 prorsus
1341 687 1546 736 indignaf‘

62 757 218 795 Vellem
249 757 377 794 verbis
409 757 538 794 minus
560 757 817 806 pepercisset3
851 768 940 794 cum
962 759 1092 794 autem
1115 761 1432 805 argumentorum
1456 771 1545 796 eon-

62 827 278 865 firmatione
310 826 588 876 supersederit,
620 838 691 864 nos
723 826 950 876 quaestione
972 838 1126 876 quoque
1146 827 1194 865 de
1216 827 1300 865 eius
1331 828 1544 866 rationibus

62 901 101 936 et
132 898 353 936 coniectura
392 897 738 946 supersedeamus,
777 897 900 935 otiosa
936 896 1185 946 praesertim,
1224 910 1313 935 cum
1352 898 1545 948 quidquid.

61 968 122 1005 vir
165 968 241 1006 sibi
283 967 455 1006 voluisse
498 970 646 1017 potest,
690 966 732 1005 id
777 967 881 1016 apud
925 968 1163 1016 posteriores
1208 968 1304 1005 satis
1348 980 1545 1018 superque

61 1039 304 1077 tractandum
336 1038 448 1076 nobis
471 1041 575 1076 certo
598 1037 658 1076 sit.
721 1038 911 1087 Idemque
942 1039 1046 1076 valet
1078 1038 1126 1075 (10
1157 1039 1279 1076 altera
1300 1039 1384 1076 eius
1416 1039 1544 1078 adnot.

60 1109 107 1146 ad
139 1109 254 1147 Mem.
276 1109 337 1146 ΙΠ
360 1110 450 1157 3,9:
484 1108 670 1155 ‘Eadem
704 1109 825 1146 verbis
847 1112 976 1146 tamen
1002 1107 1167 1146 diversis
1188 1121 1305 1156 usus,
1340 1110 1545 1147 tradiderat

61 1181 104 1217 in
134 1179 185 1217 K.
209 1179 264 1217 Π.
287 1179 312 1216 I
330 1191 372 1228 p.
395 1180 451 1217 19.
479 1181 511 1225 7,
558 1179 809 1228 lesjmitmque
853 1179 947 1217 talia
990 1180 1033 1216 in
1077 1179 1138 1216 liis
1185 1179 1392 1217 Socraticis
1436 1180 1545 1228 lonye

55 1250 254 1300 plurima,
289 1262 422 1287 eornm
453 1250 622 1296 similia,
657 1262 753 1298 quae
776 1253 958 1298 prostant
989 1250 1033 1287 in
1065 1250 1115 1287 K.
1138 1249 1194 1287 Π.
1227 1262 1293 1287 nec
1326 1254 1455 1288 tamen
1475 1251 1545 1288 iis-

60 1321 145 1359 dem
186 1321 308 1358 verbis
350 1324 522 1358 narrata.
574 1321 625 1358 Et
668 1321 904 1358 crederemus
947 1320 1243 1369 Xenophontem
1286 1333 1360 1358 sua
1402 1321 1543 1370 ipsius,

61 1404 156 1441 qnae
189 1391 337 1429 dederat
368 1391 412 1428 in
443 1391 544 1428 Hist.
575 1391 738 1437 Graeca,
779 1395 936 1428 centena
966 1391 1153 1428 continua
1190 1391 1233 1428 in
1271 1391 1444 1439 Ayesilai
1480 1404 1544 1429 en-

59 1462 183 1500 comio
215 1461 556 1510 transserePsisse?
587 1465 655 1499 aut
687 1462 919 1510 Apoloyiam
950 1461 1151 1510 scripsisse
1175 1461 1362 1509 Socratis,
1394 1461 1439 1498 in
1467 1474 1545 1510 qna

60 1532 161 1570 nihil
191 1532 361 1569 alicuius
392 1532 616 1569 inveniatur
646 1532 851 1578 momenti,
886 1532 988 1581 quod
1007 1544 1089 1569 non
1110 1532 1258 1580 teyatzcr
1288 1532 1333 1569 in
1360 1531 1422 1568 liis
1443 1544 1543 1569 com-

60 1602 264 1640 mentariis
277 1602 314 1639 θ’

178 1672 255 1711 Sed
292 1673 370 1720 (110,
409 1672 503 1722 quid
541 1673 636 1711 haec
673 1672 942 1711 demonstrant
978 1673 1086 1710 aliud
1116 1675 1232 1722 atque
1264 1672 1416 1710 doctam
1448 1673 1544 1721 eius,

62 1743 131 1793 qui
163 1755 207 1781 ea
239 1743 413 1792 scripsit,
445 1743 729 1792 arrogantiam?
789 1744 929 1793 Itaque
957 1755 1031 1781 non
1056 1743 1249 1781 immerito
1270 1755 1369 1793 quae
1391 1755 1442 1781 ex
1463 1743 1543 1781 illis

60 1814 191 1851 verbis
224 1813 389 1862 emergit
420 1814 570 1852 incuria
600 1814 803 1852 fastidiosa
835 1815 1008 1864 carpitur
1038 1815 1085 1852 ab
1114 1813 1276 1851 Heinzio
1308 1826 1397 1851 cum
1421 1813 1542 1851 dicat:

61 1884 251 1921 ‘Me-abar
281 1878 529 1938 παρρησίαν
560 1885 662 1931 etus,
696 1885 835 1934 quippe
857 1885 1152 1934 oppiynorantis
1182 1884 1228 1921 ni
1258 1884 1314 1921 ita
1343 1884 1394 1921 sit
1427 1887 1544 1921 totam

61 1967 179 2003 qnam
211 1955 287 1992 sibi
309 1955 522 2003 peperisset
552 1959 645 1993 reete
675 1955 878 1992 iudicandi
910 1955 1085 2000 tandeim·
1111 1966 1230 2003 porro
1263 1954 1541 2001 auctoritatem,

60 2037 138 2073 qua
169 2025 244 2063 sibi
275 2025 376 2062 credi
406 2037 488 2063 rem
522 2026 654 2072 talem,
689 2026 829 2074 absque
860 2025 941 2062 nlla
964 2025 1212 2075 probatione)
1247 2028 1450 2073 tamquam
1471 2037 1543 2062 suo

58 2095 145 2133 inre
173 2095 396 2144 postularet.
431 2126 437 2133 .
462 2126 469 2133 .
493 2127 500 2134 .
533 2096 679 2145 Nempe
709 2096 765 2133 sic
787 2096 1053 2144 pronuntiant
1074 2095 1209 2143 maqni
1228 2095 1369 2141 critici,
1403 2095 1544 2144 quibas

66 2165 201 2203 Graeci
245 2166 454 2215 Latinique
497 2167 700 2215 scriptores
743 2167 793 2204 ad
834 2179 1007 2215 unquem
1044 2169 1140 2203 sunt
1182 2165 1353 2214 cogyniti)
1421 2165 1544 2215 Atqui

60 2236 215 2285 quando
237 2236 393 2275 deficiet
414 2236 570 2274 illorum
592 2237 714 2286 natio,
748 2237 815 2286 qui
836 2237 999 2274 liberam
1020 2237 1240 2274 litterarum
1260 2236 1543 2286 rempublicam

60 2318 197 2355 regum
230 2307 335 2345 iussa
368 2306 571 2356 edictaque
602 2319 679 2345 non
710 2307 813 2345 ferre
844 2307 1152 2345 obliviscuntur?

573 2433 662 2488 §3
714 2433 782 2476 De
813 2434 1028 2477 Heinzio.

179 2517 343 2567 Sumpta
374 2521 466 2555 sunt
496 2518 564 2555 illa
601 2530 651 2556 ex
689 2518 897 2566 Heinzii,
934 2518 1131 2567 gymnasii
1163 2517 1421 2556 Vimariensis
1459 2520 1544 2555 tum

60 2587 220 2626 rectoris
232 2587 279 2638 1),
318 2588 508 2625 Vincliciis
540 2588 749 2637 Apolofsiae
779 2588 1077 2637 Xenophontem
1107 2588 1276 2637 primum
1309 2601 1340 2625 a.
1369 2588 1543 2626 1776111

181 2714 214 2757 1)
253 2713 318 2748 Cui
356 2714 622 2747 monumentum
662 2714 778 2758 exegit
816 2713 1049 2748 clarissimum
1086 2713 1309 2747 Herderus
1345 2712 1543 2747 laudatione

61 2772 200 2807 funebri
227 2774 261 2806 in
287 2773 470 2817 gymnasio
503 2772 561 2807 illo
587 2773 705 2807 habita
738 2774 805 2817 (ed.
825 2772 933 2817 Suph.
961 2772 1174 2815 v01.XXX‚
1207 2783 1255 2806 or.
1281 2772 1445 2806 scholast.
1471 2771 1542 2816 20).

62 2831 227 2866 Ceterum
251 2831 452 2866 humanitas
478 2831 538 2865 illa
562 2831 813 2876 urbanitasque
834 2843 916 2866 vere
936 2831 1095 2875 antiqua,
1123 2842 1227 2875 quam
1243 2831 1285 2866 de
1300 2841 1340 2865 eo
1354 2830 1532 2874 praedicat

62 2890 166 2924 etiam
192 2901 237 2924 ex
262 2890 327 2924 hoo
353 2889 521 2934 opusculo
547 2889 733 2934 pellucent.
