1820 3340
247 256 328 294 106

245 372 447 411 temnenda
479 371 669 418 laborent,
703 371 821 409 etiam
854 370 1107 419 tautoloyiam
1139 370 1355 408 continere:
1392 383 1487 409 nam
1525 371 1592 409 illo
1631 366 1734 411 ἑπι-

241 437 425 495 χαρίτως
457 436 599 481 εἰπεῖν
630 442 716 491 ipso
737 441 883 479 iudices
915 441 966 478 ad
985 440 1294 478 misericordiam
1314 442 1554 480 commoveri.
1606 441 1734 481 Immo

243 514 353 553 aliud
384 516 446 552 est
476 512 784 550 misericordiam
806 523 1068 559 commovere,
1100 511 1207 548 aliud
1229 511 1538 551 benevolentiam
1561 515 1733 562 captare:

245 584 390 623 diversi
428 586 522 621 sunt
559 583 741 630 affectus,
786 582 861 620 etsi
898 582 1064 620 effeetus
1109 581 1225 619 idem.
1292 582 1389 620 Tum
1431 594 1564 620 rerum
1606 584 1735 632 mayis

245 667 363 704 quam
396 654 673 692 concinnitatis
703 652 982 702 yrammaticae
1002 652 1195 690 rationem
1225 653 1352 701 fuisse
1373 653 1611 691 habendam:
1645 653 1734 692 ‘hoc

245 727 352 763 enim
384 722 421 779 [i.
444 736 476 763 e.
510 718 692 776 οἰκτρῶς
723 727 762 762 et
794 716 1057 776 ἐπιχαρίτως
1083 716 1259 775 εἰπεῖν],
1290 723 1438 774 inquit,
1469 724 1514 762 in
1538 724 1734 762 Socratem

245 797 410 834 minime
441 795 570 833 cadere
593 794 746 844 potuit,
787 797 915 843 utpote
946 806 1079 843 quem,
1118 794 1155 831 si
1186 793 1283 843 quid
1312 794 1455 832 iniusti
1485 794 1733 842 commiserit,

245 867 296 905 ad
326 866 521 905 eiusmodi
550 866 707 915 refuqia
737 865 847 903 nullo
871 868 988 914 pacto
1019 877 1058 902 se
1089 877 1367 902 conversurum
1405 869 1592 903 constaret
1601 866 1620 903 ².
1682 866 1736 903 At

246 938 342 976 haee
373 949 449 975 non
483 936 705 975 necessario
737 935 895 973 illorum
927 934 1123 973 sententia
1154 938 1231 984 est,
1263 938 1307 973 ut
1339 935 1519 974 Socrates
1550 935 1619 973 illa
1649 936 1736 986 ipse

246 1020 401 1059 quoque
432 1008 561 1046 faeere
589 1007 789 1056 jubeatur:
824 1006 1092 1044 illustraturus
1123 1008 1276 1043 tantum
1308 1005 1388 1043 vim
1420 1005 1605 1044 orationis
1637 1006 1736 1044 Her-

247 1090 432 1128 mogenes
463 1090 509 1116 ea
541 1077 647 1116 dicit.
681 1101 735 1104 —
774 1077 925 1115 Deinde
957 1077 1060 1126 quod
1095 1089 1177 1114 non
1214 1077 1349 1124 semel,
1388 1079 1431 1114 ut
1468 1076 1513 1114 in
1544 1077 1736 1115 Memora-

246 1150 407 1197 bilibus,
452 1149 518 1187 sed
563 1149 622 1187 bis
665 1148 917 1186 daemonium
965 1147 1116 1186 Socrati
1158 1148 1404 1185 adversatum
1447 1147 1548 1185 dicat
1590 1151 1734 1200 auctor,

245 1222 397 1270 factum
428 1221 470 1258 id
500 1233 579 1258 esse
612 1219 823 1258 ‘orationis
844 1218 1144 1268 amplificandae
1165 1219 1295 1256 studio
1314 1218 1586 1267 yrammaticis
1617 1230 1737 1268 quam

248 1291 418 1330 maxime
441 1290 631 1340 proprio?
690 1290 787 1328 Item
818 1290 992 1327 additam
1013 1289 1125 1338 Apol.
1150 1291 1176 1327 5
1205 1289 1329 1327 verbis
1360 1282 1398 1327 εὶ
1419 1291 1479 1343 τῷ
1502 1288 1594 1345 θεῷ
1617 1285 1737 1327 δοκεῖ

253 1362 382 1414 (Mem.
415 1363 444 1411 ,ξ
470 1359 509 1413 6)
547 1361 720 1399 roculam
755 1354 831 1399 καί
862 1360 1175 1409 interpolatorem
1198 1359 1385 1409 prodere:
1418 1359 1615 1398 ‘Socrates
1634 1372 1737 1397 non-

249 1433 345 1471 dum
378 1433 545 1479 diaeerat,
577 1432 725 1482 inquit,
757 1431 1011 1480 Hermoyeni,
1044 1431 1121 1468 sibi
1151 1431 1268 1469 etiam
1295 1434 1459 1469 mortem
1479 1431 1609 1480 mayis
1630 1434 1735 1481 opta-

248 1509 327 1542 tam
371 1516 472 1542 esse:
516 1503 798 1553 gyrammaticus
847 1506 977 1540 autem
1025 1502 1148 1540 menti
1192 1514 1287 1540 suae
1329 1501 1399 1540 hoc
1434 1501 1636 1551 infioeerat,
1681 1501 1738 1539 ita

248 1575 453 1613 dicendum
485 1575 520 1612 ei
550 1574 695 1623 fuisse)
735 1573 778 1611 id
808 1586 889 1610 esse
925 1573 1103 1622 ineptum
1140 1584 1221 1610 non
1257 1571 1393 1610 videns
1402 1572 1421 1610 ³.
1485 1571 1608 1619 Quam
1645 1574 1737 1610 sunt

248 1647 344 1684 haee
376 1649 414 1683 et
446 1645 605 1683 subtilia
636 1648 675 1683 et
702 1644 915 1683 evidentia!
970 1643 1154 1682 Ceterum
1177 1642 1354 1681 Socrates
1375 1643 1476 1681 illud
1497 1642 1736 1691 Hermogeni

247 1717 322 1754 etsi
354 1729 432 1754 non
465 1715 618 1754 dixerat
649 1714 847 1765 expressis
884 1714 1031 1763 verbis,
1068 1717 1108 1752 at
1144 1717 1223 1752 tam
1261 1713 1469 1763 perspicue
1512 1713 1737 1751 ostenderat

249 1787 353 1825 omni
387 1799 457 1825 sua
488 1787 652 1835 ratione,
685 1789 730 1824 ut
760 1785 926 1824 (licendo
958 1797 1058 1834 opus
1089 1784 1166 1822 iam
1198 1796 1277 1822 non
1309 1787 1424 1822 esset.

369 1860 407 1896 4.
444 1857 617 1896 Socratis
641 1857 752 1906 Apol.
778 1858 803 1894 5
833 1856 944 1894 verba
976 1851 1052 1894 οὐκ
1084 1847 1221 1894 οἶσθα
1253 1851 1320 1894 ὅτι
1351 1850 1473 1907 μέχρι
1504 1849 1584 1905 μὲν
1614 1851 1738 1893 τοῦδε

249 1926 336 1967 κῖλ.
377 1929 434 1966 ita
476 1928 679 1977 desumpta
717 1940 796 1965 esse
833 1940 878 1965 eoe
914 1927 1029 1964 Mem.
1061 1928 1090 1975 ,ξ
1116 1928 1140 1964 6
1148 1957 1160 1973 ,
1206 1929 1268 1964 ‘ut
1306 1926 1467 1964 omissis
1503 1925 1738 1975 quibusdam

248 2000 361 2037 rebus
391 1999 619 2048 compilator
637 1999 789 2048 pinque
809 1998 1017 2047 inqenium
1032 1997 1235 2046 perspicue
1248 1996 1431 2046 prodat’;
1463 1996 1612 2034 omissa
1631 1997 1737 2034 enim

249 2083 328 2108 esse
358 2070 469 2108 verba
502 2065 598 2108 οὔθ’
632 2065 774 2123 ἥδιον.·
809 2068 893 2106 ‘sed
923 2081 999 2106 6666
1029 2069 1220 2117 nuyator!
1251 2067 1396 2117 inquit,
1428 2079 1509 2104 non
1536 2067 1638 2116 quod
1657 2067 1739 2116 ipse

249 2141 367 2188 dixsit,
401 2140 543 2178 scilicet
574 2140 746 2189 optime
782 2139 925 2177 vixisse
967 2139 1162 2177 Socratem
1200 2138 1359 2187 eoeplicat
1395 2137 1441 2175 in
1477 2137 1736 2186 sequentibus,

248 2212 314 2249 sed
334 2211 415 2249 lioc
446 2211 622 2260 ipsum,
656 2210 777 2260 quod
807 2210 991 2248 omisit:
1024 2209 1128 2246 unde
1147 2209 1263 2258 facile
1283 2207 1472 2256 intellegyis
1493 2207 1738 2258 descripsisse

250 2283 426 2331 ineptum
465 2282 665 2320 hominem
709 2293 754 2319 ex
790 2280 1063 2329 Xenophontis
1101 2279 1214 2325 libro,
1260 2291 1357 2328 quae
1394 2278 1470 2316 sibi
1506 2278 1736 2325 riderentur,

252 2365 330 2391 non
374 2365 472 2402 quae
513 2364 647 2390 rerum
684 2351 1041 2399 sententiarumque
1083 2350 1185 2387 ratio
1217 2349 1412 2399 posceret’.
1481 2349 1534 2387 At
1569 2344 1739 2398 βέλτιον

251 2419 321 2476 ζῆν
352 2423 457 2461 idem
489 2423 619 2460 valere
657 2433 773 2472 posse
821 2425 939 2471 atque
977 2421 1074 2459 adeo
1111 2420 1239 2458 solere
1277 2420 1382 2470 quod
1421 2416 1540 2473 ἣδιον
1579 2415 1650 2472 ζῆν
1681 2442 1736 2447 ——

250 2493 354 2532 haud
393 2505 506 2532 secus
543 2496 661 2542 atque
699 2492 822 2531 latina
859 2492 977 2530 ‘bene
1014 2491 1164 2529 vivere’
1208 2495 1248 2529 et
1286 2490 1406 2528 ‘male
1450 2489 1600 2528 vivere'
1637 2490 1739 2528 hano

253 2561 449 2618 ιξδονικὴν
486 2563 720 2602 sententiam
757 2563 902 2601 habent
941 2585 995 2590 —-
1035 2562 1195 2600 criticus
1227 2561 1373 2599 oblitus
1404 2564 1476 2598 est.
1521 2583 1576 2588 ·—
1619 2560 1739 2598 Haud

254 2635 378 2684 mayis
409 2647 507 2684 quae
537 2634 687 2683 reliqua
718 2634 798 2671 sint
830 2635 858 2682 ,ξ
883 2635 908 2671 5
940 2630 1064 2685 (ὅπερ
1096 2629 1175 2685 γὰρ
1197 2628 1373 2686 ἣδιστόν
1395 2625 1509 2670 ἔστιν
1530 2627 1634 2681 κτλ.)
1656 2630 1738 2668 nisi

252 2705 567 2744 Memorabilium
598 2705 707 2742 verba
744 2704 846 2742 hisce
882 2703 1155 2753 respondentia
1191 2703 1461 2749 adhibeantur,
1502 2701 1738 2750 probabilem

250 2789 410 2814 sensum
442 2776 586 2814 habere.
650 2774 774 2822 Quam
805 2786 951 2813 meram
983 2773 1218 2812 calumniam
1255 2785 1343 2811 esse
1380 2776 1504 2822 patet,
1542 2771 1737 2821 siquidem

253 2847 352 2884 1111111
395 2846 476 2884 11110
519 2849 633 2896 paeto
677 2846 758 2883 illis
801 2845 932 2883 verbis
975 2845 1079 2883 inest
1123 2845 1333 2882 obscurum
1387 2845 1455 2881 aut
1496 2842 1735 2891 ambiguum3

251 2917 507 2955 offensionem
539 2917 724 2966 praebere
755 2916 931 2966 potuerit
962 2915 1044 2954 sola
1081 2926 1180 2965 quae
1211 2914 1253 2951 in
1284 2913 1364 2952 illjs
1400 2913 1529 2952 verbis
1566 2912 1738 2951 cernitur
