<?xml version="1.0" encoding="UTF-8"?>
<!DOCTYPE html PUBLIC "-//W3C//DTD XHTML 1.0 Transitional//EN"
    "http://www.w3.org/TR/xhtml1/DTD/xhtml1-transitional.dtd">
<html xmlns="http://www.w3.org/1999/xhtml" xml:lang="en" lang="en">
 <head>
  <title>
</title>
<meta http-equiv="Content-Type" content="text/html;charset=utf-8" />
  <meta name='ocr-system' content='tesseract 3.04.00' />
  <meta name='ocr-capabilities' content='ocr_page ocr_carea ocr_par ocr_line ocrx_word'/>
</head>
<body>
  <div class='ocr_page' id='page_1' title='image "./xenophontisqvaef00fricuoft_0044.png"; bbox 0 0 1820 3340; ppageno 0'>
   <div class='ocr_carea' id='block_1_1' title="bbox 244 220 300 259">
    <p class='ocr_par' dir='ltr' id='par_1_1' title="bbox 244 220 300 259">
     <span class='ocr_line' id='line_1_1' title="bbox 244 220 300 259; baseline 0.018 -1"><span class='ocrx_word' id='word_1_1' title='bbox 244 220 300 259; x_wconf 87' lang='lat'>40</span> 
     </span>
    </p>
   </div>
   <div class='ocr_carea' id='block_1_2' title="bbox 246 326 1738 804">
    <p class='ocr_par' dir='ltr' id='par_1_2' title="bbox 246 326 1738 446">
     <span class='ocr_line' id='line_1_2' title="bbox 246 326 1738 386; baseline -0.005 -11"><span class='ocrx_word' id='word_1_2' title='bbox 246 337 340 375; x_wconf 81' lang='lat' dir='ltr'>deos</span> <span class='ocrx_word' id='word_1_3' title='bbox 378 335 523 386; x_wconf 87' lang='lat' dir='ltr'>patrios</span> <span class='ocrx_word' id='word_1_4' title='bbox 562 346 652 373; x_wconf 90' lang='lat' dir='ltr'>eum</span> <span class='ocrx_word' id='word_1_5' title='bbox 689 345 869 383; x_wconf 78' lang='lat' dir='ltr'>negasse,</span> <span class='ocrx_word' id='word_1_6' title='bbox 908 345 985 371; x_wconf 87' lang='lat' dir='ltr'>non</span> <span class='ocrx_word' id='word_1_7' title='bbox 1024 332 1091 382; x_wconf 83' lang='lat' dir='ltr'>qui</span> <span class='ocrx_word' id='word_1_8' title='bbox 1129 331 1285 370; x_wconf 87' lang='lat' dir='ltr'>omnino</span> <span class='ocrx_word' id='word_1_9' title='bbox 1322 343 1412 369; x_wconf 91' lang='lat' dir='ltr'>eum</span> <span class='ocrx_word' id='word_1_10' title='bbox 1444 326 1578 369; x_wconf 73' lang='grc' dir='ltr'><em>ἄθεον</em></span> <span class='ocrx_word' id='word_1_11' title='bbox 1609 329 1738 368; x_wconf 84' lang='lat' dir='ltr'>fuisse</span> 
     </span>
     <span class='ocr_line' id='line_1_3' title="bbox 247 407 380 446; baseline 0.008 -2"><span class='ocrx_word' id='word_1_12' title='bbox 247 407 380 446; x_wconf 75' lang='lat' dir='ltr'>velint.</span> 
     </span>
    </p>

    <p class='ocr_par' dir='ltr' id='par_1_3' title="bbox 247 475 1738 804">
     <span class='ocr_line' id='line_1_4' title="bbox 367 475 1737 532; baseline -0.005 -12"><span class='ocrx_word' id='word_1_13' title='bbox 367 483 406 532; x_wconf 81' lang='lat'>2)</span> <span class='ocrx_word' id='word_1_14' title='bbox 450 481 638 520; x_wconf 85' lang='lat' dir='ltr'>Eiusdem</span> <span class='ocrx_word' id='word_1_15' title='bbox 682 479 820 529; x_wconf 89' lang='lat' dir='ltr'>capitis</span> <span class='ocrx_word' id='word_1_16' title='bbox 865 482 910 527; x_wconf 64' lang='grc' dir='ltr'>ἓξ</span> <span class='ocrx_word' id='word_1_17' title='bbox 944 479 1114 517; x_wconf 82' lang='lat'>11—16</span> <span class='ocrx_word' id='word_1_18' title='bbox 1160 477 1358 516; x_wconf 76' lang='lat' dir='ltr'>Socratem</span> <span class='ocrx_word' id='word_1_19' title='bbox 1407 489 1456 515; x_wconf 92' lang='lat' dir='ltr'>ne</span> <span class='ocrx_word' id='word_1_20' title='bbox 1499 475 1737 526; x_wconf 83' lang='lat' dir='ltr'>inquirendo</span> 
     </span>
     <span class='ocr_line' id='line_1_5' title="bbox 247 544 1738 605; baseline -0.005 -13"><span class='ocrx_word' id='word_1_21' title='bbox 247 554 406 605; x_wconf 82' lang='lat' dir='ltr'>quidem</span> <span class='ocrx_word' id='word_1_22' title='bbox 437 553 478 590; x_wconf 91' lang='lat' dir='ltr'>in</span> <span class='ocrx_word' id='word_1_23' title='bbox 509 564 643 590; x_wconf 89' lang='lat' dir='ltr'>rerum</span> <span class='ocrx_word' id='word_1_24' title='bbox 664 555 843 589; x_wconf 83' lang='lat' dir='ltr'>naturam</span> <span class='ocrx_word' id='word_1_25' title='bbox 866 549 1104 600; x_wconf 81' lang='lat' dir='ltr'>reliquorum</span> <span class='ocrx_word' id='word_1_26' title='bbox 1137 548 1459 598; x_wconf 87' lang='lat' dir='ltr'>philosophorum</span> <span class='ocrx_word' id='word_1_27' title='bbox 1492 559 1599 585; x_wconf 90' lang='lat' dir='ltr'>more</span> <span class='ocrx_word' id='word_1_28' title='bbox 1626 544 1738 584; x_wconf 81' lang='lat' dir='ltr'>nefas</span> 
     </span>
     <span class='ocr_line' id='line_1_6' title="bbox 247 617 1737 669; baseline -0.007 -5"><span class='ocrx_word' id='word_1_29' title='bbox 247 624 489 664; x_wconf 81' lang='lat' dir='ltr'>contraxisse</span> <span class='ocrx_word' id='word_1_30' title='bbox 521 624 692 661; x_wconf 89' lang='lat' dir='ltr'>docetur.</span> <span class='ocrx_word' id='word_1_31' title='bbox 756 620 922 659; x_wconf 88' lang='lat' dir='ltr'>Omnino</span> <span class='ocrx_word' id='word_1_32' title='bbox 956 620 1045 658; x_wconf 86' lang='lat' dir='ltr'>silet</span> <span class='ocrx_word' id='word_1_33' title='bbox 1066 619 1256 669; x_wconf 81' lang='lat' dir='ltr'>Apologia</span> <span class='ocrx_word' id='word_1_34' title='bbox 1287 619 1425 657; x_wconf 82' lang='lat' dir='ltr'>detali</span> <span class='ocrx_word' id='word_1_35' title='bbox 1446 617 1737 666; x_wconf 86' lang='lat' dir='ltr'>criminatione;</span> 
     </span>
     <span class='ocr_line' id='line_1_7' title="bbox 247 687 1738 740; baseline -0.006 -6"><span class='ocrx_word' id='word_1_36' title='bbox 247 698 382 734; x_wconf 89' lang='lat' dir='ltr'>contra</span> <span class='ocrx_word' id='word_1_37' title='bbox 402 694 648 732; x_wconf 86' lang='lat' dir='ltr'>Platonicum</span> <span class='ocrx_word' id='word_1_38' title='bbox 671 691 871 730; x_wconf 79' lang='lat' dir='ltr'>Socratem</span> <span class='ocrx_word' id='word_1_39' title='bbox 903 691 994 729; x_wconf 87' lang='lat' dir='ltr'>huic</span> <span class='ocrx_word' id='word_1_40' title='bbox 1017 689 1229 740; x_wconf 88' lang='lat' dir='ltr'>suspicioni</span> <span class='ocrx_word' id='word_1_41' title='bbox 1251 689 1490 739; x_wconf 84' lang='lat' dir='ltr'>respondere</span> <span class='ocrx_word' id='word_1_42' title='bbox 1512 688 1581 739; x_wconf 84' lang='grc'>(19</span> <span class='ocrx_word' id='word_1_43' title='bbox 1597 687 1738 737; x_wconf 75' lang='lat' dir='ltr'>b—cl)</span> 
     </span>
     <span class='ocr_line' id='line_1_8' title="bbox 250 763 687 804; baseline -0.009 0"><span class='ocrx_word' id='word_1_44' title='bbox 250 765 381 804; x_wconf 85' lang='lat' dir='ltr'>statim</span> <span class='ocrx_word' id='word_1_45' title='bbox 413 763 687 802; x_wconf 89' lang='lat' dir='ltr'>reminisceris.</span> 
     </span>
    </p>
   </div>
   <div class='ocr_carea' id='block_1_3' title="bbox 248 835 1745 1456">
    <p class='ocr_par' dir='ltr' id='par_1_4' title="bbox 248 835 1745 1456">
     <span class='ocr_line' id='line_1_9' title="bbox 367 835 1738 892; baseline -0.006 -12"><span class='ocrx_word' id='word_1_46' title='bbox 367 839 408 892; x_wconf 88' lang='lat'>3)</span> <span class='ocrx_word' id='word_1_47' title='bbox 449 839 606 890; x_wconf 80' lang='lat' dir='ltr'>Gap.11</span> <span class='ocrx_word' id='word_1_48' title='bbox 639 840 708 887; x_wconf 68' lang='lat'>§3</span> <span class='ocrx_word' id='word_1_49' title='bbox 753 838 974 888; x_wconf 84' lang='lat' dir='ltr'>Xenophon</span> <span class='ocrx_word' id='word_1_50' title='bbox 1020 849 1219 887; x_wconf 88' lang='lat' dir='ltr'>nunquam</span> <span class='ocrx_word' id='word_1_51' title='bbox 1265 836 1462 875; x_wconf 78' lang='lat' dir='ltr'>Socratem</span> <span class='ocrx_word' id='word_1_52' title='bbox 1506 835 1738 884; x_wconf 84' lang='lat' dir='ltr'>magistrum</span> 
     </span>
     <span class='ocr_line' id='line_1_10' title="bbox 249 901 1737 961; baseline -0.005 -11"><span class='ocrx_word' id='word_1_53' title='bbox 249 912 420 951; x_wconf 83' lang='lat' dir='ltr'>voluisse</span> <span class='ocrx_word' id='word_1_54' title='bbox 458 910 592 961; x_wconf 86' lang='lat' dir='ltr'>putari</span> <span class='ocrx_word' id='word_1_55' title='bbox 629 910 815 947; x_wconf 88' lang='lat' dir='ltr'>affirmat:</span> <span class='ocrx_word' id='word_1_56' title='bbox 855 902 1000 947; x_wconf 79' lang='grc' dir='ltr'><em>καίτοι</em></span> <span class='ocrx_word' id='word_1_57' title='bbox 1033 920 1078 960; x_wconf 74' lang='grc' dir='ltr'>γε</span> <span class='ocrx_word' id='word_1_58' title='bbox 1113 903 1398 946; x_wconf 77' lang='grc' dir='ltr'><em>οὐδεπώποτε</em></span> <span class='ocrx_word' id='word_1_59' title='bbox 1430 901 1637 955; x_wconf 77' lang='grc' dir='ltr'><em>ὑπέσχετο</em></span> <span class='ocrx_word' id='word_1_60' title='bbox 1669 901 1737 943; x_wconf 80' lang='grc' dir='ltr'>ὄι-</span> 
     </span>
     <span class='ocr_line' id='line_1_11' title="bbox 249 971 1738 1032; baseline -0.005 -10"><span class='ocrx_word' id='word_1_61' title='bbox 249 979 461 1029; x_wconf 74' lang='grc' dir='ltr'><em>ὁάσκαλος</em></span> <span class='ocrx_word' id='word_1_62' title='bbox 492 973 603 1020; x_wconf 77' lang='grc' dir='ltr'><strong><em>εἶναι</em></strong></span> <span class='ocrx_word' id='word_1_63' title='bbox 625 977 794 1028; x_wconf 76' lang='grc' dir='ltr'><em>τούτου,</em></span> <span class='ocrx_word' id='word_1_64' title='bbox 827 980 931 1030; x_wconf 83' lang='lat' dir='ltr'>quod</span> <span class='ocrx_word' id='word_1_65' title='bbox 952 979 1115 1018; x_wconf 82' lang='lat' dir='ltr'>iteratur</span> <span class='ocrx_word' id='word_1_66' title='bbox 1148 981 1167 1026; x_wconf 66' lang='lat' dir='ltr'>g</span> <span class='ocrx_word' id='word_1_67' title='bbox 1194 978 1237 1017; x_wconf 86' lang='lat'>8:</span> <span class='ocrx_word' id='word_1_68' title='bbox 1270 974 1501 1032; x_wconf 80' lang='grc' dir='ltr'>Σωκράτης</span> <span class='ocrx_word' id='word_1_69' title='bbox 1533 972 1580 1015; x_wconf 78' lang='grc' dir='ltr'>δὲ</span> <span class='ocrx_word' id='word_1_70' title='bbox 1602 971 1738 1030; x_wconf 77' lang='grc' dir='ltr'><em>ἐπηγ-</em></span> 
     </span>
     <span class='ocr_line' id='line_1_12' title="bbox 250 1045 1740 1106; baseline -0.005 -14"><span class='ocrx_word' id='word_1_71' title='bbox 250 1047 419 1106; x_wconf 80' lang='grc' dir='ltr'><em>γείλατο</em></span> <span class='ocrx_word' id='word_1_72' title='bbox 450 1048 527 1102; x_wconf 80' lang='grc' dir='ltr'>μὲν</span> <span class='ocrx_word' id='word_1_73' title='bbox 559 1047 697 1091; x_wconf 77' lang='grc' dir='ltr'><em>οὐδενὶ</em></span> <span class='ocrx_word' id='word_1_74' title='bbox 736 1047 925 1089; x_wconf 72' lang='grc' dir='ltr'><em>πώποτε</em></span> <span class='ocrx_word' id='word_1_75' title='bbox 957 1053 1151 1089; x_wconf 79' lang='grc' dir='ltr'><em>τοιοῦτον</em></span> <span class='ocrx_word' id='word_1_76' title='bbox 1189 1045 1320 1088; x_wconf 71' lang='grc' dir='ltr'><em>οὐδέν.</em></span> <span class='ocrx_word' id='word_1_77' title='bbox 1375 1047 1661 1087; x_wconf 83' lang='lat' dir='ltr'>Convenienter</span> <span class='ocrx_word' id='word_1_78' title='bbox 1698 1047 1740 1084; x_wconf 88' lang='lat' dir='ltr'>in</span> 
     </span>
     <span class='ocr_line' id='line_1_13' title="bbox 248 1112 1739 1175; baseline -0.005 -13"><span class='ocrx_word' id='word_1_79' title='bbox 248 1125 360 1175; x_wconf 83' lang='lat' dir='ltr'>Apol.</span> <span class='ocrx_word' id='word_1_80' title='bbox 384 1123 582 1161; x_wconf 89' lang='lat' dir='ltr'>Platonica</span> <span class='ocrx_word' id='word_1_81' title='bbox 605 1122 780 1161; x_wconf 82' lang='lat' dir='ltr'>Socrates</span> <span class='ocrx_word' id='word_1_82' title='bbox 813 1120 947 1173; x_wconf 84' lang='lat' dir='ltr'>(33a):</span> <span class='ocrx_word' id='word_1_83' title='bbox 981 1114 1062 1173; x_wconf 70' lang='grc' dir='ltr'>ἐγὼ</span> <span class='ocrx_word' id='word_1_84' title='bbox 1096 1115 1143 1158; x_wconf 77' lang='grc' dir='ltr'>δὲ</span> <span class='ocrx_word' id='word_1_85' title='bbox 1175 1116 1453 1167; x_wconf 78' lang='grc' dir='ltr'><em>διδάσκαλος,</em></span> <span class='ocrx_word' id='word_1_86' title='bbox 1486 1118 1633 1169; x_wconf 83' lang='lat' dir='ltr'>inquit,</span> <span class='ocrx_word' id='word_1_87' title='bbox 1667 1112 1739 1156; x_wconf 82' lang='grc' dir='ltr'>οὖ-</span> 
     </span>
     <span class='ocr_line' id='line_1_14' title="bbox 250 1183 1741 1247; baseline -0.005 -14"><span class='ocrx_word' id='word_1_88' title='bbox 250 1192 368 1242; x_wconf 60' lang='lat' dir='ltr'>&amp;evag</span> <span class='ocrx_word' id='word_1_89' title='bbox 410 1191 589 1233; x_wconf 74' lang='grc' dir='ltr'>πώποτ’</span> <span class='ocrx_word' id='word_1_90' title='bbox 634 1188 851 1247; x_wconf 74' lang='grc' dir='ltr'><em>ἕγενόμην;</em></span> <span class='ocrx_word' id='word_1_91' title='bbox 902 1192 1006 1230; x_wconf 74' lang='lat'><strong>3312:</strong></span> <span class='ocrx_word' id='word_1_92' title='bbox 1052 1184 1110 1229; x_wconf 76' lang='grc' dir='ltr'>ὧν</span> <span class='ocrx_word' id='word_1_93' title='bbox 1152 1188 1259 1244; x_wconf 79' lang='grc' dir='ltr'><em>μήτε</em></span> <span class='ocrx_word' id='word_1_94' title='bbox 1302 1186 1548 1244; x_wconf 73' lang='grc' dir='ltr'><em>ὑπεσχόμην</em></span> <span class='ocrx_word' id='word_1_95' title='bbox 1589 1183 1741 1243; x_wconf 78' lang='grc' dir='ltr'><em>μηδενὶ</em></span> 
     </span>
     <span class='ocr_line' id='line_1_15' title="bbox 249 1256 1742 1320; baseline -0.005 -17"><span class='ocrx_word' id='word_1_96' title='bbox 249 1261 382 1320; x_wconf 77' lang='grc' dir='ltr'><em>μηδὲν</em></span> <span class='ocrx_word' id='word_1_97' title='bbox 425 1261 614 1303; x_wconf 74' lang='grc' dir='ltr'><strong><em>πώποτε</em></strong></span> <span class='ocrx_word' id='word_1_98' title='bbox 650 1259 842 1318; x_wconf 71' lang='grc' dir='ltr'><em>μάθημα</em></span> <span class='ocrx_word' id='word_1_99' title='bbox 878 1259 985 1316; x_wconf 77' lang='grc' dir='ltr'><em>μήτε</em></span> <span class='ocrx_word' id='word_1_100' title='bbox 1024 1256 1209 1309; x_wconf 70' lang='grc' dir='ltr'>ἐδίδαξα.</span> <span class='ocrx_word' id='word_1_101' title='bbox 1273 1261 1351 1300; x_wconf 83' lang='lat' dir='ltr'>Sed</span> <span class='ocrx_word' id='word_1_102' title='bbox 1387 1261 1429 1298; x_wconf 91' lang='lat' dir='ltr'>in</span> <span class='ocrx_word' id='word_1_103' title='bbox 1466 1260 1577 1308; x_wconf 86' lang='lat' dir='ltr'>Apol.</span> <span class='ocrx_word' id='word_1_104' title='bbox 1610 1259 1742 1297; x_wconf 89' lang='lat' dir='ltr'>Xeno-</span> 
     </span>
     <span class='ocr_line' id='line_1_16' title="bbox 250 1329 1745 1387; baseline -0.005 -12"><span class='ocrx_word' id='word_1_105' title='bbox 250 1337 419 1387; x_wconf 90' lang='lat' dir='ltr'>phontea</span> <span class='ocrx_word' id='word_1_106' title='bbox 456 1336 557 1373; x_wconf 90' lang='lat' dir='ltr'>hanc</span> <span class='ocrx_word' id='word_1_107' title='bbox 596 1335 816 1373; x_wconf 83' lang='lat' dir='ltr'>cautionem</span> <span class='ocrx_word' id='word_1_108' title='bbox 853 1336 1008 1372; x_wconf 90' lang='lat' dir='ltr'>tantum</span> <span class='ocrx_word' id='word_1_109' title='bbox 1045 1333 1154 1371; x_wconf 89' lang='lat' dir='ltr'>abest</span> <span class='ocrx_word' id='word_1_110' title='bbox 1197 1335 1242 1370; x_wconf 87' lang='lat' dir='ltr'>ut</span> <span class='ocrx_word' id='word_1_111' title='bbox 1279 1332 1478 1382; x_wconf 87' lang='lat' dir='ltr'>adhibeat,</span> <span class='ocrx_word' id='word_1_112' title='bbox 1521 1334 1566 1368; x_wconf 89' lang='lat' dir='ltr'>ut</span> <span class='ocrx_word' id='word_1_113' title='bbox 1608 1329 1745 1368; x_wconf 89' lang='lat' dir='ltr'>nullus</span> 
     </span>
     <span class='ocr_line' id='line_1_17' title="bbox 251 1401 1487 1456; baseline -0.004 -11"><span class='ocrx_word' id='word_1_114' title='bbox 251 1407 403 1445; x_wconf 86' lang='lat' dir='ltr'>dubitet</span> <span class='ocrx_word' id='word_1_115' title='bbox 434 1406 608 1456; x_wconf 85' lang='lat' dir='ltr'>profiteri</span> <span class='ocrx_word' id='word_1_116' title='bbox 640 1406 829 1443; x_wconf 87' lang='lat' dir='ltr'>iuvenum</span> <span class='ocrx_word' id='word_1_117' title='bbox 862 1416 903 1442; x_wconf 89' lang='lat' dir='ltr'>se</span> <span class='ocrx_word' id='word_1_118' title='bbox 934 1404 1225 1442; x_wconf 85' lang='lat' dir='ltr'>institutionem</span> <span class='ocrx_word' id='word_1_119' title='bbox 1257 1401 1487 1452; x_wconf 83' lang='lat' dir='ltr'>exercere.1)</span> 
     </span>
    </p>
   </div>
   <div class='ocr_carea' id='block_1_4' title="bbox 252 1482 1748 1964">
    <p class='ocr_par' dir='ltr' id='par_1_5' title="bbox 252 1482 1748 1964">
     <span class='ocr_line' id='line_1_18' title="bbox 370 1482 1743 1538; baseline -0.005 -11"><span class='ocrx_word' id='word_1_120' title='bbox 370 1489 427 1527; x_wconf 85' lang='lat' dir='ltr'>Ea</span> <span class='ocrx_word' id='word_1_121' title='bbox 459 1489 527 1526; x_wconf 91' lang='lat' dir='ltr'>ubi</span> <span class='ocrx_word' id='word_1_122' title='bbox 558 1488 647 1538; x_wconf 77' lang='lat' dir='ltr'>quis</span> <span class='ocrx_word' id='word_1_123' title='bbox 678 1486 1014 1534; x_wconf 79' lang='lat' dir='ltr'>animadverterit,</span> <span class='ocrx_word' id='word_1_124' title='bbox 1053 1486 1121 1523; x_wconf 81' lang='lat' dir='ltr'>vix</span> <span class='ocrx_word' id='word_1_125' title='bbox 1153 1488 1282 1535; x_wconf 88' lang='lat' dir='ltr'>potest</span> <span class='ocrx_word' id='word_1_126' title='bbox 1313 1485 1416 1533; x_wconf 86' lang='lat' dir='ltr'>fieri,</span> <span class='ocrx_word' id='word_1_127' title='bbox 1454 1485 1609 1534; x_wconf 85' lang='lat' dir='ltr'>opinor,</span> <span class='ocrx_word' id='word_1_128' title='bbox 1648 1482 1743 1533; x_wconf 84' lang='lat' dir='ltr'>quin</span> 
     </span>
     <span class='ocr_line' id='line_1_19' title="bbox 252 1553 1747 1607; baseline -0.004 -9"><span class='ocrx_word' id='word_1_129' title='bbox 252 1561 358 1599; x_wconf 87' lang='lat' dir='ltr'>illico</span> <span class='ocrx_word' id='word_1_130' title='bbox 395 1560 437 1597; x_wconf 89' lang='lat' dir='ltr'>in</span> <span class='ocrx_word' id='word_1_131' title='bbox 475 1571 560 1598; x_wconf 88' lang='lat' dir='ltr'>eam</span> <span class='ocrx_word' id='word_1_132' title='bbox 599 1557 844 1607; x_wconf 73' lang='lat' dir='ltr'>cognationis</span> <span class='ocrx_word' id='word_1_133' title='bbox 882 1557 1000 1594; x_wconf 89' lang='lat' dir='ltr'>huius</span> <span class='ocrx_word' id='word_1_134' title='bbox 1013 1556 1041 1607; x_wconf 84' lang='grc'>2)</span> <span class='ocrx_word' id='word_1_135' title='bbox 1073 1555 1388 1595; x_wconf 82' lang='lat' dir='ltr'>Memorabilium</span> <span class='ocrx_word' id='word_1_136' title='bbox 1431 1566 1520 1593; x_wconf 91' lang='lat' dir='ltr'>cum</span> <span class='ocrx_word' id='word_1_137' title='bbox 1552 1553 1747 1604; x_wconf 81' lang='lat' dir='ltr'>Apologia</span> 
     </span>
     <span class='ocr_line' id='line_1_20' title="bbox 254 1624 1745 1679; baseline -0.005 -10"><span class='ocrx_word' id='word_1_138' title='bbox 254 1631 456 1670; x_wconf 88' lang='lat' dir='ltr'>Platonica</span> <span class='ocrx_word' id='word_1_139' title='bbox 477 1629 842 1679; x_wconf 82' lang='lat' dir='ltr'>interpretationem</span> <span class='ocrx_word' id='word_1_140' title='bbox 873 1628 1063 1676; x_wconf 84' lang='lat' dir='ltr'>incurrat,</span> <span class='ocrx_word' id='word_1_141' title='bbox 1095 1630 1140 1665; x_wconf 91' lang='lat' dir='ltr'>ut</span> <span class='ocrx_word' id='word_1_142' title='bbox 1170 1626 1475 1676; x_wconf 88' lang='lat' dir='ltr'>Xenophontem</span> <span class='ocrx_word' id='word_1_143' title='bbox 1511 1624 1745 1675; x_wconf 82' lang='lat' dir='ltr'>Apologiam</span> 
     </span>
     <span class='ocr_line' id='line_1_21' title="bbox 254 1695 1747 1749; baseline -0.005 -9"><span class='ocrx_word' id='word_1_144' title='bbox 254 1705 346 1740; x_wconf 88' lang='lat' dir='ltr'>ante</span> <span class='ocrx_word' id='word_1_145' title='bbox 378 1700 649 1740; x_wconf 88' lang='lat' dir='ltr'>Memorabilia</span> <span class='ocrx_word' id='word_1_146' title='bbox 680 1699 949 1749; x_wconf 84' lang='lat' dir='ltr'>composuisse</span> <span class='ocrx_word' id='word_1_147' title='bbox 986 1701 1025 1736; x_wconf 91' lang='lat' dir='ltr'>et</span> <span class='ocrx_word' id='word_1_148' title='bbox 1055 1701 1145 1748; x_wconf 83' lang='lat' dir='ltr'>post</span> <span class='ocrx_word' id='word_1_149' title='bbox 1181 1709 1267 1736; x_wconf 87' lang='lat' dir='ltr'>eam</span> <span class='ocrx_word' id='word_1_150' title='bbox 1298 1696 1554 1746; x_wconf 89' lang='lat' dir='ltr'>compositam</span> <span class='ocrx_word' id='word_1_151' title='bbox 1586 1695 1747 1734; x_wconf 87' lang='lat' dir='ltr'>demum</span> 
     </span>
     <span class='ocr_line' id='line_1_22' title="bbox 254 1765 1744 1820; baseline -0.005 -9"><span class='ocrx_word' id='word_1_152' title='bbox 254 1773 496 1811; x_wconf 86' lang='lat' dir='ltr'>Platonicam</span> <span class='ocrx_word' id='word_1_153' title='bbox 527 1771 675 1820; x_wconf 84' lang='lat' dir='ltr'>legisse</span> <span class='ocrx_word' id='word_1_154' title='bbox 703 1773 821 1820; x_wconf 84' lang='lat' dir='ltr'>atque</span> <span class='ocrx_word' id='word_1_155' title='bbox 844 1769 953 1819; x_wconf 81' lang='lat' dir='ltr'>inde,</span> <span class='ocrx_word' id='word_1_156' title='bbox 986 1781 1077 1807; x_wconf 92' lang='lat' dir='ltr'>cum</span> <span class='ocrx_word' id='word_1_157' title='bbox 1098 1765 1368 1806; x_wconf 88' lang='lat' dir='ltr'>Memorabilia</span> <span class='ocrx_word' id='word_1_158' title='bbox 1389 1767 1593 1814; x_wconf 86' lang='lat' dir='ltr'>scriberet,</span> <span class='ocrx_word' id='word_1_159' title='bbox 1627 1777 1744 1816; x_wconf 88' lang='lat' dir='ltr'>quae-</span> 
     </span>
     <span class='ocr_line' id='line_1_23' title="bbox 255 1837 1748 1890; baseline -0.005 -9"><span class='ocrx_word' id='word_1_160' title='bbox 255 1844 344 1882; x_wconf 83' lang='lat' dir='ltr'>dam</span> <span class='ocrx_word' id='word_1_161' title='bbox 374 1844 417 1881; x_wconf 91' lang='lat' dir='ltr'>in</span> <span class='ocrx_word' id='word_1_162' title='bbox 449 1855 493 1881; x_wconf 90' lang='lat' dir='ltr'>ea</span> <span class='ocrx_word' id='word_1_163' title='bbox 523 1841 771 1880; x_wconf 88' lang='lat' dir='ltr'>transtulisse</span> <span class='ocrx_word' id='word_1_164' title='bbox 802 1840 1009 1890; x_wconf 54' lang='lat' dir='ltr'>censeant-³)</span> <span class='ocrx_word' id='word_1_165' title='bbox 1071 1838 1179 1886; x_wconf 82' lang='lat' dir='ltr'>Quae</span> <span class='ocrx_word' id='word_1_166' title='bbox 1218 1838 1427 1888; x_wconf 79' lang='lat' dir='ltr'>explicatio</span> <span class='ocrx_word' id='word_1_167' title='bbox 1465 1837 1640 1887; x_wconf 80' lang='lat' dir='ltr'>profecto</span> <span class='ocrx_word' id='word_1_168' title='bbox 1677 1848 1748 1886; x_wconf 86' lang='lat' dir='ltr'>per</span> 
     </span>
     <span class='ocr_line' id='line_1_24' title="bbox 256 1907 1747 1964; baseline -0.005 -12"><span class='ocrx_word' id='word_1_169' title='bbox 256 1926 298 1952; x_wconf 90' lang='lat' dir='ltr'>se</span> <span class='ocrx_word' id='word_1_170' title='bbox 328 1914 415 1964; x_wconf 90' lang='lat' dir='ltr'>ipsa</span> <span class='ocrx_word' id='word_1_171' title='bbox 446 1913 559 1951; x_wconf 80' lang='lat' dir='ltr'>valde</span> <span class='ocrx_word' id='word_1_172' title='bbox 590 1912 735 1962; x_wconf 81' lang='lat' dir='ltr'>placet3</span> <span class='ocrx_word' id='word_1_173' title='bbox 768 1914 969 1961; x_wconf 82' lang='lat' dir='ltr'>praeterea</span> <span class='ocrx_word' id='word_1_174' title='bbox 1000 1913 1132 1949; x_wconf 90' lang='lat' dir='ltr'>autem</span> <span class='ocrx_word' id='word_1_175' title='bbox 1163 1922 1241 1948; x_wconf 90' lang='lat' dir='ltr'>non</span> <span class='ocrx_word' id='word_1_176' title='bbox 1262 1909 1376 1947; x_wconf 84' lang='lat' dir='ltr'>modo</span> <span class='ocrx_word' id='word_1_177' title='bbox 1407 1908 1507 1946; x_wconf 87' lang='lat' dir='ltr'>nihil</span> <span class='ocrx_word' id='word_1_178' title='bbox 1537 1907 1579 1945; x_wconf 88' lang='lat' dir='ltr'>in</span> <span class='ocrx_word' id='word_1_179' title='bbox 1600 1907 1747 1946; x_wconf 91' lang='lat' dir='ltr'>Memo-</span> 
     </span>
    </p>
   </div>
   <div class='ocr_carea' id='block_1_5' title="bbox 256 2057 1751 2927">
    <p class='ocr_par' dir='ltr' id='par_1_6' title="bbox 258 2057 1750 2275">
     <span class='ocr_line' id='line_1_25' title="bbox 377 2057 1747 2106; baseline -0.004 -9"><span class='ocrx_word' id='word_1_180' title='bbox 377 2063 411 2103; x_wconf 85' lang='lat'>1)</span> <span class='ocrx_word' id='word_1_181' title='bbox 438 2063 583 2097; x_wconf 86' lang='lat' dir='ltr'>Accedit</span> <span class='ocrx_word' id='word_1_182' title='bbox 615 2062 707 2106; x_wconf 80' lang='lat' dir='ltr'>quod</span> <span class='ocrx_word' id='word_1_183' title='bbox 738 2061 936 2105; x_wconf 90' lang='lat' dir='ltr'>Xenophon</span> <span class='ocrx_word' id='word_1_184' title='bbox 969 2061 1027 2104; x_wconf 68' lang='grc' dir='ltr'>(ξὲ</span> <span class='ocrx_word' id='word_1_185' title='bbox 1043 2059 1196 2103; x_wconf 77' lang='lat'>17-19)</span> <span class='ocrx_word' id='word_1_186' title='bbox 1229 2059 1352 2094; x_wconf 86' lang='lat' dir='ltr'>eadem</span> <span class='ocrx_word' id='word_1_187' title='bbox 1382 2058 1579 2093; x_wconf 84' lang='lat' dir='ltr'>narratione</span> <span class='ocrx_word' id='word_1_188' title='bbox 1611 2057 1656 2092; x_wconf 88' lang='lat' dir='ltr'>ad</span> <span class='ocrx_word' id='word_1_189' title='bbox 1687 2057 1747 2091; x_wconf 80' lang='lat' dir='ltr'>(le—</span> 
     </span>
     <span class='ocr_line' id='line_1_26' title="bbox 258 2115 1749 2164; baseline -0.003 -8"><span class='ocrx_word' id='word_1_190' title='bbox 258 2121 521 2156; x_wconf 85' lang='lat' dir='ltr'>monstrandam</span> <span class='ocrx_word' id='word_1_191' title='bbox 537 2120 690 2155; x_wconf 85' lang='lat' dir='ltr'>Socratis</span> <span class='ocrx_word' id='word_1_192' title='bbox 708 2120 875 2164; x_wconf 86' lang='lat' dir='ltr'>pietatem</span> <span class='ocrx_word' id='word_1_193' title='bbox 891 2119 1022 2162; x_wconf 88' lang='lat' dir='ltr'>utitur,</span> <span class='ocrx_word' id='word_1_194' title='bbox 1051 2129 1156 2162; x_wconf 88' lang='lat' dir='ltr'>quam</span> <span class='ocrx_word' id='word_1_195' title='bbox 1174 2118 1248 2162; x_wconf 86' lang='lat' dir='ltr'>ipse</span> <span class='ocrx_word' id='word_1_196' title='bbox 1266 2118 1360 2161; x_wconf 90' lang='lat' dir='ltr'>apud</span> <span class='ocrx_word' id='word_1_197' title='bbox 1377 2117 1562 2151; x_wconf 88' lang='lat' dir='ltr'>Platonem</span> <span class='ocrx_word' id='word_1_198' title='bbox 1582 2117 1670 2161; x_wconf 88' lang='lat' dir='ltr'>(cap.</span> <span class='ocrx_word' id='word_1_199' title='bbox 1685 2115 1749 2160; x_wconf 79' lang='lat'>20&gt;</span> 
     </span>
     <span class='ocr_line' id='line_1_27' title="bbox 259 2175 1750 2223; baseline -0.004 -7"><span class='ocrx_word' id='word_1_200' title='bbox 259 2181 372 2216; x_wconf 85' lang='lat' dir='ltr'>affert.</span> <span class='ocrx_word' id='word_1_201' title='bbox 423 2179 475 2216; x_wconf 80' lang='lat' dir='ltr'>cf.</span> <span class='ocrx_word' id='word_1_202' title='bbox 509 2180 615 2214; x_wconf 84' lang='lat' dir='ltr'>etiam</span> <span class='ocrx_word' id='word_1_203' title='bbox 648 2189 737 2223; x_wconf 85' lang='lat' dir='ltr'>quae</span> <span class='ocrx_word' id='word_1_204' title='bbox 770 2178 861 2214; x_wconf 77' lang='lat' dir='ltr'>infra</span> <span class='ocrx_word' id='word_1_205' title='bbox 893 2178 936 2212; x_wconf 87' lang='lat' dir='ltr'>de</span> <span class='ocrx_word' id='word_1_206' title='bbox 968 2180 1129 2212; x_wconf 79' lang='lat' dir='ltr'>extrema</span> <span class='ocrx_word' id='word_1_207' title='bbox 1166 2177 1291 2221; x_wconf 87' lang='lat' dir='ltr'>capitis</span> <span class='ocrx_word' id='word_1_208' title='bbox 1315 2176 1351 2211; x_wconf 87' lang='lat' dir='ltr'>II</span> <span class='ocrx_word' id='word_1_209' title='bbox 1389 2175 1564 2211; x_wconf 88' lang='lat' dir='ltr'>sententia</span> <span class='ocrx_word' id='word_1_210' title='bbox 1601 2175 1750 2210; x_wconf 84' lang='lat' dir='ltr'>dicenda</span> 
     </span>
     <span class='ocr_line' id='line_1_28' title="bbox 260 2241 373 2275; baseline -0.027 0"><span class='ocrx_word' id='word_1_211' title='bbox 260 2241 373 2275; x_wconf 81' lang='lat' dir='ltr'>erunt.</span> 
     </span>
    </p>

    <p class='ocr_par' dir='ltr' id='par_1_7' title="bbox 259 2292 1749 2460">
     <span class='ocr_line' id='line_1_29' title="bbox 377 2292 1749 2342; baseline -0.004 -11"><span class='ocrx_word' id='word_1_212' title='bbox 377 2297 412 2342; x_wconf 86' lang='lat'>2)</span> <span class='ocrx_word' id='word_1_213' title='bbox 440 2297 552 2340; x_wconf 83' lang='lat' dir='ltr'>Quam</span> <span class='ocrx_word' id='word_1_214' title='bbox 578 2297 714 2341; x_wconf 89' lang='lat' dir='ltr'>primus</span> <span class='ocrx_word' id='word_1_215' title='bbox 739 2296 828 2330; x_wconf 87' lang='lat' dir='ltr'>vidit</span> <span class='ocrx_word' id='word_1_216' title='bbox 852 2294 1048 2330; x_wconf 87' lang='lat' dir='ltr'>Wetzelius</span> <span class='ocrx_word' id='word_1_217' title='bbox 1080 2294 1195 2339; x_wconf 88' lang='lat' dir='ltr'>(Neue</span> <span class='ocrx_word' id='word_1_218' title='bbox 1220 2294 1339 2328; x_wconf 87' lang='lat' dir='ltr'>Jahrb.</span> <span class='ocrx_word' id='word_1_219' title='bbox 1367 2294 1389 2327; x_wconf 88' lang='lat' dir='ltr'>f.</span> <span class='ocrx_word' id='word_1_220' title='bbox 1417 2294 1450 2328; x_wconf 90' lang='lat' dir='ltr'>d.</span> <span class='ocrx_word' id='word_1_221' title='bbox 1476 2292 1582 2328; x_wconf 83' lang='lat' dir='ltr'>klass.</span> <span class='ocrx_word' id='word_1_222' title='bbox 1609 2292 1749 2335; x_wconf 86' lang='lat' dir='ltr'>Altert.,</span> 
     </span>
     <span class='ocr_line' id='line_1_30' title="bbox 259 2351 1749 2400; baseline -0.005 -8"><span class='ocrx_word' id='word_1_223' title='bbox 259 2357 340 2392; x_wconf 85' lang='lat' dir='ltr'>edit.</span> <span class='ocrx_word' id='word_1_224' title='bbox 367 2357 409 2392; x_wconf 89' lang='lat' dir='ltr'>ab</span> <span class='ocrx_word' id='word_1_225' title='bbox 435 2355 763 2400; x_wconf 84' lang='lat' dir='ltr'>Ilberg.-Richter.,</span> <span class='ocrx_word' id='word_1_226' title='bbox 783 2354 885 2400; x_wconf 87' lang='grc'>1900,</span> <span class='ocrx_word' id='word_1_227' title='bbox 911 2365 944 2398; x_wconf 91' lang='lat' dir='ltr'>p.</span> <span class='ocrx_word' id='word_1_228' title='bbox 960 2354 1027 2389; x_wconf 80' lang='lat'>392</span> <span class='ocrx_word' id='word_1_229' title='bbox 1043 2353 1103 2397; x_wconf 71' lang='lat' dir='ltr'>ss)</span> <span class='ocrx_word' id='word_1_230' title='bbox 1131 2364 1243 2398; x_wconf 84' lang='lat' dir='ltr'>eaque</span> <span class='ocrx_word' id='word_1_231' title='bbox 1261 2363 1367 2398; x_wconf 90' lang='lat' dir='ltr'>quam</span> <span class='ocrx_word' id='word_1_232' title='bbox 1385 2352 1443 2387; x_wconf 87' lang='lat' dir='ltr'>hic</span> <span class='ocrx_word' id='word_1_233' title='bbox 1459 2351 1597 2386; x_wconf 85' lang='lat' dir='ltr'>invenis</span> <span class='ocrx_word' id='word_1_234' title='bbox 1615 2351 1749 2386; x_wconf 83' lang='lat' dir='ltr'>ratione</span> 
     </span>
     <span class='ocr_line' id='line_1_31' title="bbox 260 2415 459 2460; baseline -0.015 -9"><span class='ocrx_word' id='word_1_235' title='bbox 260 2415 459 2460; x_wconf 84' lang='lat' dir='ltr'>explicavit.</span> 
     </span>
    </p>

    <p class='ocr_par' dir='ltr' id='par_1_8' title="bbox 256 2467 1751 2927">
     <span class='ocr_line' id='line_1_32' title="bbox 379 2467 1749 2519; baseline -0.004 -11"><span class='ocrx_word' id='word_1_236' title='bbox 379 2473 413 2519; x_wconf 87' lang='lat'>3)</span> <span class='ocrx_word' id='word_1_237' title='bbox 441 2472 542 2516; x_wconf 78' lang='lat' dir='ltr'>Quod</span> <span class='ocrx_word' id='word_1_238' title='bbox 569 2472 636 2508; x_wconf 86' lang='lat' dir='ltr'>alia</span> <span class='ocrx_word' id='word_1_239' title='bbox 667 2473 702 2506; x_wconf 90' lang='lat' dir='ltr'>in</span> <span class='ocrx_word' id='word_1_240' title='bbox 734 2471 1018 2507; x_wconf 87' lang='lat' dir='ltr'>Memorabilibus</span> <span class='ocrx_word' id='word_1_241' title='bbox 1050 2473 1155 2516; x_wconf 86' lang='lat' dir='ltr'>atque</span> <span class='ocrx_word' id='word_1_242' title='bbox 1188 2471 1282 2514; x_wconf 86' lang='lat' dir='ltr'>apud</span> <span class='ocrx_word' id='word_1_243' title='bbox 1307 2469 1494 2505; x_wconf 86' lang='lat' dir='ltr'>Platonem</span> <span class='ocrx_word' id='word_1_244' title='bbox 1526 2469 1660 2504; x_wconf 88' lang='lat' dir='ltr'>ratione</span> <span class='ocrx_word' id='word_1_245' title='bbox 1685 2467 1749 2503; x_wconf 87' lang='lat' dir='ltr'>So-</span> 
     </span>
     <span class='ocr_line' id='line_1_33' title="bbox 260 2527 1750 2574; baseline -0.005 -6"><span class='ocrx_word' id='word_1_246' title='bbox 260 2534 393 2568; x_wconf 86' lang='lat' dir='ltr'>cratem</span> <span class='ocrx_word' id='word_1_247' title='bbox 419 2534 535 2566; x_wconf 72' lang='grc' dir='ltr'><em>ἰέθεον</em></span> <span class='ocrx_word' id='word_1_248' title='bbox 565 2542 635 2566; x_wconf 90' lang='lat' dir='ltr'>non</span> <span class='ocrx_word' id='word_1_249' title='bbox 667 2531 775 2565; x_wconf 86' lang='lat' dir='ltr'>fuisse</span> <span class='ocrx_word' id='word_1_250' title='bbox 808 2541 853 2566; x_wconf 76' lang='lat' dir='ltr'>ex</span> <span class='ocrx_word' id='word_1_251' title='bbox 885 2531 961 2565; x_wconf 87' lang='lat' dir='ltr'>eius</span> <span class='ocrx_word' id='word_1_252' title='bbox 994 2531 1037 2564; x_wconf 88' lang='lat' dir='ltr'>de</span> <span class='ocrx_word' id='word_1_253' title='bbox 1069 2530 1252 2564; x_wconf 87' lang='lat' dir='ltr'>daemonio</span> <span class='ocrx_word' id='word_1_254' title='bbox 1284 2529 1445 2574; x_wconf 84' lang='lat' dir='ltr'>opinione</span> <span class='ocrx_word' id='word_1_255' title='bbox 1483 2527 1650 2571; x_wconf 85' lang='lat' dir='ltr'>efficitur,</span> <span class='ocrx_word' id='word_1_256' title='bbox 1688 2528 1750 2562; x_wconf 89' lang='lat' dir='ltr'>aut</span> 
     </span>
     <span class='ocr_line' id='line_1_34' title="bbox 260 2586 1749 2637; baseline -0.002 -14"><span class='ocrx_word' id='word_1_257' title='bbox 260 2592 353 2637; x_wconf 82' lang='lat' dir='ltr'>quod</span> <span class='ocrx_word' id='word_1_258' title='bbox 379 2592 421 2625; x_wconf 89' lang='lat' dir='ltr'>de</span> <span class='ocrx_word' id='word_1_259' title='bbox 447 2591 523 2635; x_wconf 84' lang='lat' dir='ltr'>ipsa</span> <span class='ocrx_word' id='word_1_260' title='bbox 548 2590 770 2635; x_wconf 86' lang='lat' dir='ltr'>philosophia</span> <span class='ocrx_word' id='word_1_261' title='bbox 795 2589 947 2625; x_wconf 89' lang='lat' dir='ltr'>naturali</span> <span class='ocrx_word' id='word_1_262' title='bbox 973 2589 1155 2624; x_wconf 86' lang='lat' dir='ltr'>Socratem</span> <span class='ocrx_word' id='word_1_263' title='bbox 1172 2588 1273 2623; x_wconf 92' lang='lat' dir='ltr'>Plato</span> <span class='ocrx_word' id='word_1_264' title='bbox 1299 2598 1402 2623; x_wconf 87' lang='lat' dir='ltr'>secus</span> <span class='ocrx_word' id='word_1_265' title='bbox 1427 2589 1533 2631; x_wconf 86' lang='lat' dir='ltr'>atque</span> <span class='ocrx_word' id='word_1_266' title='bbox 1548 2586 1749 2631; x_wconf 84' lang='lat' dir='ltr'>Xenophon</span> 
     </span>
     <span class='ocr_line' id='line_1_35' title="bbox 257 2645 1749 2696; baseline -0.004 -11"><span class='ocrx_word' id='word_1_267' title='bbox 257 2651 473 2696; x_wconf 81' lang='lat' dir='ltr'>judicantem</span> <span class='ocrx_word' id='word_1_268' title='bbox 498 2649 648 2694; x_wconf 85' lang='lat' dir='ltr'>inducit,</span> <span class='ocrx_word' id='word_1_269' title='bbox 674 2660 744 2684; x_wconf 89' lang='lat' dir='ltr'>non</span> <span class='ocrx_word' id='word_1_270' title='bbox 771 2648 1000 2683; x_wconf 81' lang='lat' dir='ltr'>vehementer</span> <span class='ocrx_word' id='word_1_271' title='bbox 1019 2658 1060 2682; x_wconf 89' lang='lat' dir='ltr'>ea</span> <span class='ocrx_word' id='word_1_272' title='bbox 1077 2658 1140 2682; x_wconf 89' lang='lat' dir='ltr'>nos</span> <span class='ocrx_word' id='word_1_273' title='bbox 1159 2645 1429 2682; x_wconf 87' lang='lat' dir='ltr'>conturbabunt.</span> <span class='ocrx_word' id='word_1_274' title='bbox 1480 2645 1645 2681; x_wconf 81' lang='lat' dir='ltr'>Ceterum</span> <span class='ocrx_word' id='word_1_275' title='bbox 1663 2645 1749 2680; x_wconf 89' lang='lat' dir='ltr'>haec</span> 
     </span>
     <span class='ocr_line' id='line_1_36' title="bbox 256 2704 1748 2754; baseline -0.005 -10"><span class='ocrx_word' id='word_1_276' title='bbox 256 2709 380 2754; x_wconf 86' lang='lat' dir='ltr'>judicii</span> <span class='ocrx_word' id='word_1_277' title='bbox 406 2709 448 2743; x_wconf 86' lang='lat' dir='ltr'>de</span> <span class='ocrx_word' id='word_1_278' title='bbox 474 2708 632 2743; x_wconf 86' lang='lat' dir='ltr'>doctrina</span> <span class='ocrx_word' id='word_1_279' title='bbox 656 2707 808 2742; x_wconf 87' lang='lat' dir='ltr'>naturali</span> <span class='ocrx_word' id='word_1_280' title='bbox 826 2706 1023 2742; x_wconf 86' lang='lat' dir='ltr'>differentia</span> <span class='ocrx_word' id='word_1_281' title='bbox 1048 2717 1117 2741; x_wconf 91' lang='lat' dir='ltr'>non</span> <span class='ocrx_word' id='word_1_282' title='bbox 1135 2707 1207 2741; x_wconf 89' lang='lat' dir='ltr'>tam</span> <span class='ocrx_word' id='word_1_283' title='bbox 1225 2715 1353 2750; x_wconf 82' lang='lat' dir='ltr'>magna</span> <span class='ocrx_word' id='word_1_284' title='bbox 1370 2706 1441 2750; x_wconf 88' lang='lat' dir='ltr'>est,</span> <span class='ocrx_word' id='word_1_285' title='bbox 1469 2715 1575 2749; x_wconf 85' lang='lat' dir='ltr'>quam</span> <span class='ocrx_word' id='word_1_286' title='bbox 1592 2704 1748 2738; x_wconf 82' lang='lat' dir='ltr'>videtur:</span> 
     </span>
     <span class='ocr_line' id='line_1_37' title="bbox 261 2762 1750 2813; baseline -0.005 -10"><span class='ocrx_word' id='word_1_287' title='bbox 261 2778 343 2803; x_wconf 86' lang='lat' dir='ltr'>nam</span> <span class='ocrx_word' id='word_1_288' title='bbox 360 2767 478 2802; x_wconf 78' lang='lat' dir='ltr'>verbis</span> <span class='ocrx_word' id='word_1_289' title='bbox 496 2769 530 2801; x_wconf 80' lang='grc' dir='ltr'>εἴ</span> <span class='ocrx_word' id='word_1_290' title='bbox 545 2780 597 2806; x_wconf 84' lang='grc' dir='ltr'>τις</span> <span class='ocrx_word' id='word_1_291' title='bbox 622 2768 707 2813; x_wconf 76' lang='grc' dir='ltr'>περὶ</span> <span class='ocrx_word' id='word_1_292' title='bbox 732 2773 804 2800; x_wconf 82' lang='grc' dir='ltr'>τῶν</span> <span class='ocrx_word' id='word_1_293' title='bbox 829 2766 1007 2799; x_wconf 82' lang='grc' dir='ltr'><em>τοιούτων</em></span> <span class='ocrx_word' id='word_1_294' title='bbox 1033 2765 1148 2810; x_wconf 76' lang='grc' dir='ltr'><em>σοφός</em></span> <span class='ocrx_word' id='word_1_295' title='bbox 1174 2764 1271 2798; x_wconf 75' lang='grc' dir='ltr'><strong><em>ἐστιν</em></strong></span> <span class='ocrx_word' id='word_1_296' title='bbox 1296 2764 1390 2798; x_wconf 80' lang='lat' dir='ltr'>idem</span> <span class='ocrx_word' id='word_1_297' title='bbox 1415 2763 1489 2798; x_wconf 84' lang='lat' dir='ltr'>fere</span> <span class='ocrx_word' id='word_1_298' title='bbox 1515 2773 1578 2807; x_wconf 80' lang='lat' dir='ltr'>per</span> <span class='ocrx_word' id='word_1_299' title='bbox 1602 2762 1750 2797; x_wconf 85' lang='lat' dir='ltr'>ironiam</span> 
     </span>
     <span class='ocr_line' id='line_1_38' title="bbox 261 2821 1751 2870; baseline -0.006 -8"><span class='ocrx_word' id='word_1_300' title='bbox 261 2826 475 2862; x_wconf 87' lang='lat' dir='ltr'>Socraticam</span> <span class='ocrx_word' id='word_1_301' title='bbox 500 2826 644 2869; x_wconf 90' lang='lat' dir='ltr'>dicitur,</span> <span class='ocrx_word' id='word_1_302' title='bbox 671 2826 764 2870; x_wconf 83' lang='lat' dir='ltr'>quod</span> <span class='ocrx_word' id='word_1_303' title='bbox 781 2825 885 2859; x_wconf 81' lang='lat' dir='ltr'>Mem.</span> <span class='ocrx_word' id='word_1_304' title='bbox 914 2825 1008 2868; x_wconf 67' lang='lat'>§13³</span> <span class='ocrx_word' id='word_1_305' title='bbox 1035 2823 1221 2869; x_wconf 70' lang='grc' dir='ltr'><em>ἐθαύμαζε</em></span> <span class='ocrx_word' id='word_1_306' title='bbox 1248 2822 1278 2856; x_wconf 74' lang='grc' dir='ltr'>δ’</span> <span class='ocrx_word' id='word_1_307' title='bbox 1306 2824 1337 2857; x_wconf 80' lang='grc' dir='ltr'>εἰ</span> <span class='ocrx_word' id='word_1_308' title='bbox 1360 2822 1413 2868; x_wconf 86' lang='grc' dir='ltr'>μὴ</span> <span class='ocrx_word' id='word_1_309' title='bbox 1440 2821 1601 2867; x_wconf 79' lang='grc' dir='ltr'><strong><em>φανερὸν</em></strong></span> <span class='ocrx_word' id='word_1_310' title='bbox 1627 2821 1751 2859; x_wconf 82' lang='grc' dir='ltr'><em>αὐτοῖς</em></span> 
     </span>
     <span class='ocr_line' id='line_1_39' title="bbox 263 2882 1350 2927; baseline -0.004 -9"><span class='ocrx_word' id='word_1_311' title='bbox 263 2886 360 2919; x_wconf 76' lang='grc' dir='ltr'><strong><em>ἐστιν</em></strong></span> <span class='ocrx_word' id='word_1_312' title='bbox 385 2883 441 2917; x_wconf 77' lang='grc' dir='ltr'>ὅτὶ</span> <span class='ocrx_word' id='word_1_313' title='bbox 467 2890 581 2918; x_wconf 79' lang='grc' dir='ltr'><em>ταῦτα</em></span> <span class='ocrx_word' id='word_1_314' title='bbox 610 2885 652 2917; x_wconf 82' lang='grc' dir='ltr'>οὐ</span> <span class='ocrx_word' id='word_1_315' title='bbox 679 2883 835 2917; x_wconf 72' lang='grc' dir='ltr'><em>δυνατόν</em></span> <span class='ocrx_word' id='word_1_316' title='bbox 860 2883 958 2916; x_wconf 76' lang='grc' dir='ltr'>ἐστιν</span> <span class='ocrx_word' id='word_1_317' title='bbox 984 2883 1197 2927; x_wconf 73' lang='grc' dir='ltr'><em>ἀνθρώποις</em></span> <span class='ocrx_word' id='word_1_318' title='bbox 1222 2882 1350 2926; x_wconf 79' lang='grc' dir='ltr'><em>εὑρεῖν.</em></span> 
     </span>
    </p>
   </div>
  </div>
 </body>
</html>
