1820 3340
1492 251 1544 289 99

178 362 389 400 Enimvero
434 362 532 400 illud
570 366 688 412 caput
724 363 1006 401 insatiabilitati
1045 364 1203 402 criticae
1241 377 1319 403 non
1358 367 1545 416 suppetit,

60 433 131 472 sed
161 432 273 471 initio
304 444 327 470 a
358 432 630 471 Valckenaerii
663 433 891 472 Schneideri
923 434 1187 472 Bornemanni
1218 436 1415 474 mentione
1444 438 1545 475 facto

60 503 346 553 redargutoque
379 502 616 541 Delbriickio
649 503 702 554 (p.
724 503 867 555 4—8)
899 504 1129 554 priusquam
1167 506 1216 543 ad
1256 509 1430 544 extrema
1464 507 1545 545 Me-

60 573 262 612 morabilia
297 573 540 622 aggreditur,
578 573 619 611 in
657 573 822 611 eandem
860 578 1033 612 mentem
1071 575 1120 613 de
1159 575 1275 614 Mem.
1298 576 1356 614 IV
1378 578 1417 626 4,
1439 585 1544 625 2-4,

58 643 158 693 agit,
190 655 302 693 quem
334 643 462 681 loeurn
482 644 754 693 difficultatem
774 644 944 682 exhibere
975 645 1061 683 vult
1082 658 1107 683 a
1127 646 1236 684 nullo
1258 646 1310 684 ad
1329 647 1372 684 id
1392 651 1543 698 tempus

59 713 259 763 interprete
289 714 624 752 animadversam:
649 726 830 763 puqnare
860 715 968 752 enirn
998 715 1089 753 haee
1119 720 1152 753 et
1180 716 1414 766 Apoloyiarn
1446 718 1545 756 inter

57 797 99 822 se
128 796 195 822 nee
220 796 333 833 posse
363 784 408 822 ab
439 796 520 822 uno
558 784 759 834 eodemque
792 785 966 834 profecta
1003 786 1126 833 eredi;
1171 787 1264 835 quia
1301 791 1431 825 autem
1469 792 1544 826 tres

57 854 146 891 illae
168 854 413 903 paraqraphi
441 857 475 892 et
505 854 596 892 aliis
627 855 758 892 causis
788 859 983 904 suspectae
1013 856 1095 893 sint
1116 860 1150 894 et
1170 869 1188 894 e
1208 860 1385 895 contextu
1405 859 1545 897 resolvi

57 924 169 962 nulla
199 924 429 974 difficultate
454 925 627 974 possint,
660 925 769 963 dubii
800 925 901 963 nihil
930 925 1103 975 relinqui
1140 927 1239 976 quin
1276 928 1424 966 alienae
1461 929 1542 967 sint

54 995 263 1033 censendae
274 994 302 1045 1)
334 994 385 1045 (p.
410 995 584 1045 8—12).

175 1065 275 1103 Tum
306 1065 464 1103 demum
494 1065 543 1103 ad
574 1066 725 1104 exitum
747 1066 1059 1104 Memorabilium
1090 1070 1360 1116 transgressus
1392 1070 1541 1108 multus

53 1138 116 1173 est
146 1135 187 1172 in
218 1135 517 1174 demonstrando
548 1136 814 1186 interpolatori
843 1137 947 1175 hune
978 1150 1127 1187 quoqne
1157 1151 1237 1176 esse
1268 1140 1540 1178 ascribendum

54 1206 106 1256 (p.
133 1206 342 1255 12—23).
404 1206 462 1244 De
495 1219 571 1256 qua
603 1219 644 1245 re
675 1219 764 1245 cum
796 1219 914 1257 supra
942 1209 1176 1258 exposuisse
1207 1222 1306 1259 quae
1327 1214 1541 1260 suppetant

56 1276 168 1314 nobis
200 1276 419 1324 videamur,
450 1274 569 1315 licere
599 1277 796 1316 oredimus
827 1279 902 1316 hoc
922 1278 1006 1317 loco
1027 1279 1247 1318 referendis
1269 1280 1327 1318 eis
1349 1281 1538 1330 omnibus,

52 1358 155 1396 quae
198 1347 239 1384 in
282 1347 390 1385 illam
434 1348 655 1397 opinionem
698 1361 720 1386 a
758 1348 893 1387 Geelio
931 1350 1132 1398 dicuntur,
1176 1353 1215 1388 et
1252 1350 1421 1399 singulis
1452 1363 1541 1401 per-

52 1417 268 1455 tractandis
300 1418 556 1467 supersedere
586 1419 704 1469 idque
736 1431 876 1467 unum,
909 1420 1012 1469 quod
1034 1420 1083 1458 ad
1105 1421 1333 1470 Apologiam
1359 1422 1540 1471 pertinet,

55 1499 270 1526 memorare
302 1488 397 1526 satis
429 1489 628 1527 habemus.
690 1490 787 1527 Esse
825 1490 927 1528 enim
966 1490 1065 1528 illud
1100 1495 1215 1540 eaput
1251 1504 1296 1529 em
1331 1492 1540 1541 Apoloqiae

52 1557 287 1607 fragmentis
323 1559 635 1608 eonqlutinatum
674 1561 891 1610 contendit;
937 1561 1007 1599 sed
1045 1562 1246 1600 contendit
1284 1563 1416 1610 modo,
1461 1575 1540 1601 non

51 1629 240 1678 ostendit;
273 1629 441 1678 singulis
472 1630 780 1668 Memorabilium
813 1631 1020 1670 sententiis
1053 1632 1202 1671 similes
1225 1633 1440 1683 Apologiae
1470 1646 1540 1683 op-

53 1699 166 1748 ponit
197 1704 237 1737 et
267 1700 472 1749 depravata
502 1701 570 1738 illa
601 1714 645 1739 επ
675 1702 738 1739 his
769 1714 849 1740 esse
878 1703 1066 1751 affirmat,
1098 1706 1138 1741 at
1159 1715 1229 1741 cur
1250 1708 1421 1742 correcta
1442 1705 1538 1742 haec

51 1781 104 1807 ex
135 1769 215 1808 illis
246 1782 324 1808 non
356 1771 508 1820 possint
539 1784 725 1810 conversa
756 1773 904 1811 ratione
941 1773 1177 1823 existimari,
1216 1779 1395 1813 accurata
1433 1787 1537 1813 com-

53 1841 254 1889 paratione
284 1845 329 1879 ut
360 1841 522 1880 debebat
553 1842 733 1880 instituta
764 1843 961 1881 declarare
994 1844 1108 1893 plane
1139 1844 1330 1895 omittitss)

170 1910 253 1948 Iam
285 1923 374 1949 vero
407 1912 531 1949 locum
563 1913 715 1950 iniuria
746 1913 797 1950 ad
826 1913 868 1951 id
900 1917 1049 1963 tempus
1089 1914 1134 1952 ab
1166 1915 1233 1952 illo
1270 1915 1391 1964 eapite
1429 1928 1536 1954 oecu-

45 1984 189 2030 patum
221 1982 429 2031 Apoloqiae
459 1983 694 2020 reddendum
725 1996 806 2021 esse
837 1984 990 2032 statuit,
1029 1997 1123 2022 nam
1161 1989 1194 2022 et
1225 1985 1347 2033 eoeire,
1387 1987 1432 2023 ni
1468 1986 1537 2024 hoe

49 2051 144 2099 fiat,
177 2051 322 2089 librum
352 2052 397 2089 in
428 2053 590 2090 modurn
620 2065 645 2090 a
675 2053 927 2102 Xenophonte
958 2054 1270 2102 alienissimum,
1308 2059 1342 2093 et
1371 2057 1535 2094 materia

47 2121 136 2159 ⁴eius
178 2122 265 2171 ipsa
301 2123 344 2160 id
372 2123 589 2172 postulari,
634 2127 677 2161 ut
720 2124 763 2162 cle
806 2124 993 2174 colloquio
1038 2125 1103 2163 illo
1147 2129 1180 2163 et
1217 2126 1259 2163 (le
1297 2127 1401 2164 excitu
1437 2127 1535 2165 vitae

47 2193 321 2230 sanctissimae
355 2193 525 2231 Socratis
555 2195 770 2243 referentum·
803 2195 916 2232 talem
948 2208 1033 2233 vero
1067 2195 1155 2233 libre?
1185 2196 1470 2235 conclusionem
1490 2198 1535 2235 in

51 2263 240 2311 Apoloqia
270 2264 392 2311 cerni,
418 2265 653 2313 praesertim
684 2277 769 2302 eum
803 2269 836 2303 et
867 2265 1032 2303 initium
1064 2267 1148 2303 eius
1179 2267 1312 2316 ipsum
1345 2280 1434 2305 curn
1465 2268 1535 2305 hae

170 2379 204 2421 1)
230 2377 283 2412 De
310 2389 378 2422 qua
403 2379 707 2413 commentationis
734 2382 831 2423 parte
863 2380 954 2413 idem
981 2381 1153 2415 sentimus
1186 2391 1267 2415 oum
1299 2381 1452 2426 Sauppio
1484 2382 1534 2417 sic

48 2434 224 2469 iudicante
257 2437 305 2480 (in
338 2447 486 2471 censura
523 2448 627 2481 quam
666 2438 700 2471 in
734 2438 823 2472 Now
851 2438 976 2473 Annal.
1003 2439 1127 2474 Philol.
1155 2439 1263 2474 XXV
1290 2440 1380 2474 1839
1412 2452 1445 2484 p.
1465 2440 1534 2475 204

46 2494 219 2538 scripsit):
248 2494 388 2529 ‘Dieser
409 2507 528 2540 yanxe
549 2496 622 2530 Teil
646 2496 710 2530 cler·
730 2496 968 2541 Darstellunq
988 2498 1074 2531 aher
1094 2498 1144 2532 ist
1163 2498 1410 2542 manyelhas&
1438 2499 1534 2533 denn

49 2553 165 2586 weder
190 2553 240 2587 ist
266 2554 548 2598 naehyezciesen,
581 2566 656 2589 was
690 2555 785 2589 denn
810 2555 1005 2599 eiqentlielz
1039 2556 1082 2590 in
1113 2557 1239 2591 diesen
1264 2557 1532 2603 Para-qraphen

48 2611 126 2644 und
150 2611 213 2645 der
238 2612 412 2656 Apoloqie
437 2613 719 2647 unvereinbares
746 2613 850 2658 lieqe,
890 2615 982 2648 noeli
1013 2615 1072 2649 die
1103 2615 1252 2650 Gru'nde
1278 2616 1432 2657 laetabar,
1472 2617 1532 2650 die

36 2669 124 2713 jene
151 2670 257 2705 Stelle
282 2671 534 2715 verddehtiqen
559 2672 697 2706 sollen.'

166 2728 201 2772 2)
229 2729 279 2765 Cf.
307 2729 435 2775 Saupp.
464 2730 575 2774 (1.1.);
609 2731 689 2765 ‘Die
716 2731 831 2765 Saehe
855 2731 996 2765 seheint
1021 2743 1109 2766 xum
1140 2732 1212 2766 Teil
1242 2732 1531 2776 u'berzeuyender

44 2787 105 2821 als
130 2787 188 2821 die
218 2788 382 2823 Geelsc-ke
396 2788 650 2833 Darstellunq,
677 2790 740 2824 der
759 2801 795 2823 es
816 2801 866 2824 an
882 2790 1069 2834 Stetz'qkeit
1081 2791 1159 2824 und
1171 2790 1394 2835 Be'indiykeit
1411 2791 1530 2835 fehlt'.

166 2846 201 2889 3)
228 2846 308 2881 Uno
334 2848 470 2881 tantum
496 2848 570 2882 loco
606 2848 735 2893 aliquid
768 2849 930 2891 affertur,
969 2849 1078 2893 unde,
1117 2849 1147 2883 si
1178 2851 1272 2884 recte
1306 2860 1344 2884 se
1375 2850 1530 2893 haberet⁷

47 2904 201 2948 priorem
227 2915 302 2939 esso
330 2906 532 2951 Apologiam
560 2909 842 2952 consequeretur.
894 2908 926 2941 A
953 2907 1086 2951 quibus
1109 2908 1203 2942 enim
1229 2908 1403 2943 ordiatur
1422 2913 1531 2954 eaput

1273 2966 1319 3001 7*
