1820 3340
1478 265 1531 301 55

53 383 138 417 tum
180 379 302 418 fuisse
351 378 570 427 videamus,
622 383 677 428 et,
721 392 797 429 qua
844 379 1015 428 pollebat
1062 379 1291 417 auctoritate
1339 379 1533 430 laudeque

51 450 246 499 populari,
280 450 313 487 si
343 449 439 501 vita,
471 449 588 488 etiam
619 450 845 489 memoriam
881 450 1093 487 terminum
1130 449 1243 487 illum
1281 461 1533 488 excessuram

51 520 176 559 fuisse
207 519 419 558 verisimile
450 520 643 568 videatur,
675 520 781 558 haud
811 520 865 557 ita
897 520 1020 558 multo
1052 523 1142 569 post
1173 519 1370 558 Socratem
1401 520 1532 570 ipsum

52 602 206 640 quoque
250 590 354 628 diem
393 601 622 639 supremum
665 591 808 628 obiisse
850 590 1106 628 censebimus.
1179 589 1261 628 Nec
1298 594 1429 628 tamen
1466 590 1533 628 diu

49 660 282 699 crediderim
314 663 511 698 mortuum
543 672 632 698 eum
665 661 805 708 fuisse,
845 672 921 710 quo
952 663 1126 710 tempore
1159 661 1350 710 Apologia
1388 661 1533 710 scripta

50 734 129 781 est3
161 743 251 768 nam
282 731 385 780 quod
416 731 462 768 ab
495 731 581 769 eius
613 734 768 769 auctore
799 731 968 769 refertur
998 731 1070 768 filii
1102 732 1275 769 moribus
1306 731 1531 770 memoriam

48 801 455 850 existimationemque
486 802 608 849 Anyti
640 801 755 839 etiam
785 801 889 839 ultra
919 805 1084 839 mortem
1115 801 1378 849 dehonestari,
1410 802 1451 839 id
1483 802 1531 840 ad

48 872 245 920 proximos
276 874 365 921 post
396 883 482 909 eam
513 883 634 909 annos
666 872 862 920 pertinere
893 875 1197 909 consentaneum
1229 875 1307 922 est3
1343 873 1375 910 si
1407 873 1530 921 aliter,

48 942 177 980 simile
207 942 354 992 aliquid
386 946 704 991 exspectaremus
742 941 818 980 dici
851 941 986 980 huius:
1026 936 1090 980 ἔτι
1129 937 1203 980 καὶ
1236 945 1306 980 νῦν
1342 940 1530 982 τετελευ-

45 1104 149 1138 modo
175 1103 277 1147 plane
303 1103 443 1138 dubiam
470 1104 548 1147 (sex
580 1103 673 1137 enim
699 1103 916 1137 Kirchnerus
948 1103 984 1137 in
1015 1103 1220 1148 Prosopogr.
1248 1106 1320 1138 Att.
1348 1109 1532 1140 enumerat

45 1164 184 1207 Anytos
209 1163 301 1197 intra
325 1172 435 1197 annos
460 1162 533 1196 fere
559 1163 627 1196 445
660 1165 695 1196 et
720 1162 789 1196 323
814 1162 997 1206 fiorentes,
1036 1173 1157 1197 omnes
1188 1163 1338 1197 fortasse
1370 1164 1461 1197 inter
1492 1174 1530 1199 se

45 1221 310 1264 discernendos,
347 1221 441 1255 unde
472 1221 567 1255 haud
598 1221 647 1255 ita
680 1232 797 1255 rarum
829 1222 906 1255 tum
937 1222 1105 1265 temporis
1137 1222 1203 1256 hoc
1228 1233 1357 1257 nomen
1383 1223 1530 1258 Athenis

44 1280 152 1314 fuisse
178 1279 424 1325 intellegitur),
452 1280 512 1314 sed
539 1280 645 1313 etiam
671 1280 731 1313 vix
757 1279 971 1314 credibilem.
1022 1280 1182 1324 Namque
1209 1291 1289 1315 eum
1308 1281 1441 1326 virum,
1469 1283 1530 1326 qui

39 1338 114 1383 jam
139 1349 169 1373 a.
184 1338 292 1384 410s9
319 1341 457 1382 praetor
481 1339 611 1379 fuerat,
644 1339 704 1383 qui
730 1339 871 1373 nomine
896 1339 1043 1373 florebat
1067 1339 1263 1374 liberatoris
1290 1341 1436 1384 patriae,
1470 1341 1530 1385 qui

44 1397 236 1441 plurimum
260 1398 296 1431 in
322 1397 500 1441 republica
524 1396 678 1441 pollebat
710 1397 759 1441 (id
791 1398 883 1442 quod
916 1400 1055 1441 praeter
1081 1399 1296 1433 Andocidem
1322 1399 1426 1433 etiam
1454 1399 1528 1434 Iso-

43 1458 158 1491 crates
183 1458 334 1491 testatur
359 1467 407 1491 or.
426 1457 504 1490 adv.
522 1455 772 1491 Callimachum
800 1457 820 1499 ξ
839 1455 883 1490 ‘23
902 1456 956 1490 his
974 1457 1108 1491 verbis:
1138 1459 1232 1500 ἩΚαὶ
1251 1458 1327 1503 μὴν
1348 1458 1430 1492 οὐδὲ
1451 1458 1527 1491 τάδ’

45 1515 155 1548 αὐτὸν
174 1516 332 1558 λέληθεν,
361 1515 416 1548 ὅτι
434 1515 688 1560 Θρασύβουλος
705 1517 765 1547 καὶ
785 1513 933 1553 ’Ἀνυτος
951 1517 1128 1561 μέγιστον
1146 1516 1217 1562 μὲν
1237 1516 1438 1562 δυνάμενοι
1458 1523 1530 1550 τῶν

43 1574 82 1607 ἐν
101 1574 141 1620 τῇ
167 1575 288 1614 πόλει,
315 1575 459 1606 πολλῶν
479 1573 509 1606 δ’
526 1574 813 1619 ἀπεστερημένοι
826 1575 1037 1619 χρημάτων,
1060 1574 1192 1613 εἰδότες
1213 1574 1249 1608 δὲ
1265 1575 1349 1613 τοὺς
1363 1576 1529 1620 ἀπογρά-

44 1639 200 1676 ψαντας,
228 1632 326 1678 ὅμως
345 1633 387 1666 οὐ
406 1634 591 1678 τολμῶσιν
610 1633 732 1670 aeros}
747 1632 847 1670 δίκας
861 1634 1054 1677 λαγχάνειν
1069 1633 1151 1666 οὐδὲ
1178 1637 1426 1679 μνησικακεῖν,
1454 1635 1527 1667 ἀλλ’

42 1693 73 1725 εἰ
104 1693 165 1724 καὶ
197 1693 281 1734 περὶ
312 1698 383 1724 τῶν
414 1692 531 1724 ἄλλων
560 1692 703 1737 μᾶλλον
735 1691 864 1736 ἑτέρων
902 1691 1076 1724 δύνανται
1109 1691 1414 1737 διαπράττεσθαι,
1455 1693 1526 1726 ἀλλ7

43 1746 109 1783 οὗν
135 1753 220 1795 περί
242 1761 282 1793 γε
308 1756 380 1782 τῶν
404 1750 443 1783 ἐν
467 1752 547 1787 ταῖς
572 1750 771 1791 συνθήκαις
797 1751 877 1782 ἴσον
904 1750 997 1794 ἔχειν
1022 1753 1098 1788 τοῖς
1116 1752 1237 1789 ἄλλοις
1263 1751 1463 1795 ἀξιοῦσινα)
1484 1772 1528 1776 —

41 1819 123 1843 eum
148 1808 267 1842 virum
292 1808 412 1852 igitur,
440 1810 474 1842 et
499 1818 619 1842 senem
646 1808 787 1852 quidem
812 1809 1119 1852 septuagenarium
1144 1811 1205 1843 aut
1230 1809 1334 1844 etiam
1360 1810 1528 1854 majorem

41 1866 175 1911 aliquot
206 1867 322 1910 annis,
361 1867 404 1900 ad
435 1867 639 1910 pendendos
671 1866 850 1910 paniculos
882 1868 1186 1912 numerandosque
1218 1868 1527 1903 frumentariorum

41 1926 164 1960 corbes
191 1925 412 1959 descendisse
444 1927 479 1959 et
504 1926 747 1970 σιτοφύλακος
778 1936 906 1959 munus
938 1927 1149 1970 suscepisse,
1190 1927 1282 1971 quod
1312 1930 1352 1961 ut
1384 1928 1527 1972 paulum

41 1984 199 2027 honoris,
238 1984 286 2018 ita
322 1983 451 2028 negotii
484 1984 568 2018 satis
600 1985 704 2028 atque
737 1984 930 2027 periculum
963 1984 1057 2019 haud
1082 1995 1159 2019 raro
1185 1986 1334 2029 capitale
1360 1987 1529 2022 afferebat

40 2043 138 2088 (Lys.
159 2043 271 2077 XXII
292 2044 351 2077 16:
393 2044 487 2085 „Kal
513 2043 684 2081 πολλάκις
713 2042 780 2085 ἤδη
807 2043 892 2087 παρ’
919 2044 1065 2077 ἐκείνων
1097 2045 1258 2077 πολιτῶν
1284 2046 1398 2078 ὄντων
1424 2045 1528 2088 δίκην

40 2102 106 2143 τὴν
128 2104 307 2148 μεγίστην
332 2102 490 2144 ἐλάβετε,
522 2101 578 2135 ὅτι
604 2102 670 2146 οὐχ
697 2099 771 2134 οἷοί
793 2113 830 2135 τε
855 2101 949 2144 ἦσαν
980 2108 1040 2145 τῆς
1072 2104 1210 2136 τούτων
1240 2107 1416 2149 πονηρίας
1446 2105 1526 2138 ἐπι-

39 2161 271 2205 κρατῆσαι“),
304 2160 412 2195 miror
437 2160 498 2205 qui
522 2160 597 2194 fieri
622 2160 748 2205 possit,
780 2163 820 2194 ut
845 2161 1030 2205 quisquam
1062 2162 1126 2196 sibi
1159 2163 1375 2206 persuadeat.
1427 2163 1526 2199 Duae

38 2220 176 2254 tantum
195 2221 309 2262 erant,
338 2220 507 2263 quantum
526 2219 687 2264 equidem
707 2219 825 2264 video,
844 2219 1012 2263 rationes,
1040 2220 1166 2264 quibus
1185 2221 1263 2266 quis
1282 2222 1524 2266 adduceretur,

37 2280 78 2313 ut
101 2278 189 2312 illud
214 2288 344 2312 munus
368 2279 564 2322 appeteret:
603 2281 663 2312 aut
693 2278 787 2312 enim
818 2279 892 2313 fore
918 2279 1080 2323 sperabat
1110 2280 1150 2313 ut
1180 2279 1239 2314 illo
1272 2282 1415 2316 strenue
1441 2281 1522 2315 fun-

39 2338 153 2381 gendo
180 2336 307 2381 populo
333 2337 599 2371 commendatus
624 2337 667 2371 ad
692 2337 877 2381 ampliores
908 2338 1060 2372 honores
1085 2339 1306 2383 ascenderet,
1345 2341 1406 2374 aut
1436 2340 1524 2374 lucri

37 2396 190 2430 faciendi
215 2406 276 2439 spe
302 2395 448 2431 allectus
473 2396 509 2429 in
536 2395 647 2430 aleam
675 2407 712 2430 se
738 2396 964 2439 magistratus
990 2399 1061 2431 tam
1088 2397 1275 2441 periculosi
1303 2398 1421 2442 dabat3
1454 2410 1525 2434 non

38 2455 132 2489 enim
170 2454 245 2489 sine
283 2454 460 2498 aliquanta
496 2454 698 2489 mercedula
734 2455 771 2488 in
802 2455 1116 2490 frumentariorum
1149 2456 1286 2491 delictis
1317 2457 1394 2492 illos
1426 2458 1526 2493 velut

38 2513 165 2558 Lysiae
192 2514 351 2557 Anytum
375 2513 548 2547 conivisse
573 2513 800 2548 manifestum
827 2517 890 2548 est.
940 2514 1117 2549 Neutrum
1149 2518 1268 2549 autem
1300 2515 1334 2549 in
1365 2518 1525 2560 Anytum

38 2573 176 2617 poterat
201 2572 339 2615 cadere3
367 2573 402 2606 et
426 2572 625 2606 Wilamow.
652 2583 733 2606 cum
759 2572 857 2606 dicit:
884 2572 966 2616 „E's
991 2585 1070 2608 war
1091 2585 1192 2618 „qauz
1217 2574 1322 2615 brav,
1349 2575 1435 2609 dass
1461 2576 1525 2610 der

38 2631 110 2665 alte
142 2630 378 2675 Volksfic'hrer
403 2630 544 2675 Anytos
576 2630 635 2664 die
669 2631 776 2665 Stella
806 2631 863 2665 als
895 2632 1098 2677 σιτοφύλαξ
1132 2633 1235 2667 nicht
1265 2634 1522 2677 verschmttkte,

39 2689 199 2734 obyleieh
234 2689 293 2724 die
327 2689 506 2724 Vollcswut
543 2689 586 2723 in
624 2690 693 2723 den
729 2690 931 2724 sehlechten
961 2690 1088 2725 Zeiten
1124 2692 1193 2726 den
1223 2692 1357 2727 Posten
1389 2693 1523 2727 lebeus-

35 2748 242 2792 9efc'ilzrlich
263 2749 429 2792 yemaclzt
454 2749 580 2782 hatte“
605 2748 849 2783 difficultatem
874 2749 931 2783 hic
954 2748 1124 2784 latentem
1142 2751 1253 2794 magis
1270 2752 1401 2786 indicat
1418 2762 1524 2795 quam

38 2807 191 2851 expedit.
241 2807 352 2842 Immo
378 2818 463 2842 vero
488 2808 616 2851 Lysiae
641 2809 800 2852 Anytum
828 2808 943 2852 ipsum
968 2807 1068 2843 illum
1087 2809 1196 2854 Anyti
1221 2811 1434 2845 accusatoris
1460 2810 1524 2845 So-

36 2865 142 2899 cratis
166 2866 277 2900 filium
304 2866 412 2901 fuisse
438 2868 474 2900 et
504 2877 542 2901 re
567 2867 680 2910 patria
716 2877 779 2911 per
808 2866 988 2902 luxuriam
1021 2868 1133 2902 effusa
1171 2870 1338 2913 quaestus
1370 2869 1524 2904 faciendi

37 2933 144 2959 causa
168 2927 435 2970 σιτοφυ).ακίαν
459 2925 628 2969 petivisse
654 2926 871 2961 crediderim.
