1820 3340
1467 258 1548 295 103

71 374 215 414 mentio
243 373 332 422 fiat,
365 372 436 422 qui
471 384 673 410 summam
703 372 956 421 Xenophonti
986 384 1142 421 operam
1175 372 1315 410 dederit
1348 385 1413 410 nec·
1441 373 1551 422 quisl-

72 457 190 495 quam
219 443 422 492 antiquius
453 442 646 489 habuerit,
680 455 800 492 quam
830 446 874 480 ut
905 443 948 480 cle
979 442 1234 491 Xenophonte
1266 446 1299 480 et
1330 442 1373 480 de
1398 443 1551 481 Socrate

72 516 297 564 loqueretur,
328 513 510 562 laqueum
542 516 586 550 ut
617 513 726 550 aiunt
748 513 964 562 componit:
997 513 1207 550 certissime
1238 513 1343 550 enim
1374 525 1482 559 eum,
1514 514 1551 550 si

70 585 298 634 Apoloqiam
319 584 486 621 novisset
514 586 547 620 et
567 583 889 632 Xenophonteam
910 583 1123 629 habuisset,
1155 586 1551 621 commemoraturum

71 667 155 693 eam
184 654 327 704 fuisse,
356 653 585 703 praesertim
622 666 709 691 eum
749 657 784 691 et
819 653 988 702 reliquos
1027 653 1144 691 libros
1174 653 1447 703 Xenophontis
1481 653 1552 691 So-

69 725 227 763 craticos
262 727 297 762 et
326 723 557 773 Apoloqiam
594 723 773 761 Platonis
809 727 1135 761 commemoraret.
1198 725 1323 773 Atque
1361 724 1550 773 eqreqiam

76 795 266 834 Ciceronis
296 794 340 832 de
370 793 625 843 Xenophonte
655 794 880 843 opinionem
910 793 961 831 acl
990 793 1223 843 Apoloqiam
1245 794 1439 843 pertinere
1470 807 1552 832 non

63 877 198 915 posse,
242 868 276 902 et
307 864 409 913 quod
439 864 490 901 acl
518 864 725 902 dictionem
756 868 790 902 et
820 864 924 913 quod
965 864 1017 901 acl
1045 876 1106 901 res
1143 865 1302 902 attineat
1339 864 1551 902 admodum

69 935 362 985 vituperandam
368 949 385 983 ,·
423 947 542 984 quare
579 934 772 972 Ciceronis
810 935 1045 984 temporibus
1076 935 1327 984 Xenophonti
1363 947 1448 972 eam
1485 934 1551 972 acl-

69 1006 252 1056 soriptam
282 1017 363 1043 non
393 1005 519 1054 fuisse
548 1005 680 1043 videri.
742 1006 795 1043 At
825 1005 924 1043 illud
960 1008 1005 1043 ut
1035 1005 1121 1055 ipsa
1152 1005 1365 1055 Apologiae
1398 1005 1552 1054 exigui-

69 1080 164 1124 tate,
196 1076 250 1114 ita
279 1077 457 1114 ubertate
487 1075 549 1113 illi
580 1075 774 1114 officiente
795 1075 1110 1113 Memorabilium
1132 1076 1258 1125 ipsius
1279 1075 1551 1126 Xenophontis

68 1146 361 1196 Apologiaeque
382 1146 607 1184 Platonicae
629 1146 724 1184 satis
745 1146 926 1184 excusari
947 1146 1207 1196 concesseris3
1236 1146 1398 1184 alteram
1420 1149 1551 1185 autem

68 1217 462 1265 argumentationem,
513 1216 830 1266 quandoquidem
877 1227 992 1254 suum
1036 1216 1084 1254 de
1128 1216 1318 1265 Apologia
1361 1216 1551 1254 iudicium

71 1287 248 1325 Ciceroni
285 1287 432 1334 subdit,
471 1287 714 1335 nugatoriam
751 1298 838 1325 esse
876 1289 995 1336 patet.
1063 1287 1264 1325 Postremo
1300 1299 1426 1336 nugas
1462 1287 1552 1325 illas

72 1357 120 1395 de
153 1357 392 1395 editionibus
423 1357 561 1407 primis
592 1357 794 1406 Juntinal)
826 1357 1045 1407 Aldinaque
1057 1358 1086 1406 2)
1118 1358 1310 1407 recoquit,
1342 1358 1383 1394 111
1409 1358 1552 1407 quibus

70 1427 263 1477 Apologia
293 1427 412 1465 absit:
439 1427 619 1476 primum
651 1440 675 1465 a
696 1427 908 1465 Reuehlino
920 1425 951 1480 3)
984 1440 1068 1465 eam
1100 1428 1240 1466 editam
1262 1441 1341 1466 esse
1362 1440 1553 1466 unacum

71 1498 250 1547 Ayesilao
283 1501 315 1535 et
346 1498 531 1544 Hierone,
564 1497 664 1546 ipsis
695 1510 843 1547 quoque
875 1498 1013 1535 dubiis.

187 1578 244 1631 II)
276 1580 358 1618 Iam
378 1580 500 1618 altero
522 1580 807 1619 dissertationis
828 1581 954 1630 capite
977 1582 1027 1630 (p.
1054 1580 1299 1632 107—128)
1321 1581 1552 1631 Apologiam

69 1651 116 1689 ab
146 1650 260 1688 initio
291 1662 417 1701 usque
446 1651 496 1689 ad
518 1651 668 1689 exitum
691 1655 960 1700 perscrutatur
981 1651 1239 1690 offensionum
1260 1651 1412 1701 copiam
1434 1664 1552 1701 quam

68 1721 335 1770 largissimam
371 1721 673 1771 conquisiturus.
743 1721 849 1769 Quae
886 1726 1018 1760 autem
1054 1722 1097 1759 in
1133 1722 1205 1761 hoc
1241 1734 1384 1772 genere
1420 1723 1468 1760 ab
1507 1734 1552 1760 eo

70 1792 336 1841 disputantur,
380 1792 563 1841 quoniam
604 1805 856 1842 permagnam
899 1796 1050 1842 partem
1087 1793 1245 1831 omnino
1288 1792 1462 1842 pendent
1504 1793 1551 1830 ab

69 1861 211 1900 iudicio
242 1862 291 1900 de
321 1866 541 1911 temporum
573 1862 675 1900 inter
705 1863 818 1900 illam
849 1867 888 1901 et
918 1863 1184 1901 Memorabilia
1221 1863 1386 1912 ratione,
1423 1863 1552 1913 prius-

70 1944 186 1982 quam
231 1932 280 1970 ad
323 1932 413 1970 illas
456 1932 692 1970 offensiones
742 1933 918 1981 singulas
967 1933 1266 1983 perpendendas
1308 1934 1552 1982 accedamus,

69 2002 285 2040 videndum
317 2008 377 2040 est
409 2003 600 2053 quomodo
632 2003 733 2041 hanc
764 2003 812 2042 (19
843 2004 1085 2053 temporibus
1108 2004 1376 2054 quaestionem
1402 2007 1551 2042 tractet.

69 2073 306 2122 Perstringit
349 2073 455 2111 enim
497 2085 582 2112 eam
632 2074 693 2112 his
737 2074 884 2112 verbis:
937 2074 1005 2112 ‘Si
1052 2074 1273 2123 Xenophon
1322 2074 1552 2124 Apoloqiam

69 2144 305 2193 scripsisset,
337 2144 380 2181 icl
402 2148 493 2193 post
523 2144 794 2182 Memorabilia
825 2145 1026 2183 instituere
1057 2157 1146 2182 eum
1174 2145 1346 2183 debuisse
1368 2145 1450 2183 lieet
1470 2157 1553 2183 non

69 2214 329 2252 demonstrari
351 2215 499 2264 possit,
547 2219 676 2253 tamen
702 2227 773 2265 per
803 2228 843 2253 se
879 2215 970 2253 adeo
1010 2219 1064 2253 est
1101 2216 1180 2253 reri
1216 2216 1362 2262 simile,
1407 2219 1450 2253 ut
1487 2216 1552 2253 m'x

69 2286 277 2334 quisquam
323 2285 404 2323 nisi
439 2285 578 2335 iniquo
615 2286 744 2324 studio
787 2290 1002 2324 commotus
1047 2286 1159 2324 aliter
1194 2286 1383 2324 statuerit.
1448 2286 1552 2324 Sunt

69 2356 175 2393 enim
216 2356 485 2394 Memorabilia
527 2357 642 2406 quasi
681 2357 897 2395 necessaria
925 2357 1176 2406 praeparatio
1219 2357 1270 2394 ad
1311 2356 1552 2395 scribendam

70 2426 317 2477 Apoloqiam,
351 2439 448 2476 quae
478 2430 687 2476 antequam
719 2439 817 2477 quae
852 2427 1025 2465 Socrates
1056 2427 1197 2465 dixerit
1233 2431 1267 2465 et
1297 2427 1427 2476 feeerit
1463 2440 1552 2465 oon-

67 2500 173 2545 9esta
203 2500 344 2543 essent,
376 2497 536 2534 institui
562 2510 644 2535 non
657 2497 807 2546 potuit'
840 2498 891 2547 (p.
918 2498 997 2536 107
1016 2496 1071 2548 s.).
1125 2497 1279 2547 Quippe
1301 2498 1405 2536 nudo
1426 2497 1551 2536 libelli

69 2567 198 2605 indice
229 2566 403 2617 (perinde
439 2572 557 2617 atque
589 2567 910 2618 Valckenaerius)
948 2567 990 2605 in
1027 2573 1200 2606 errorem
1232 2568 1418 2607 inductus
1456 2568 1552 2606 obli-

69 2637 233 2675 viscitur
275 2637 482 2676 consilium
524 2638 626 2676 illud
662 2638 984 2687 angustissimum
1023 2637 1047 2689 ξ
1077 2640 1129 2676 22
1169 2638 1318 2677 editum
1355 2643 1552 2677 auctorem

71 2708 196 2758 sequi,
240 2708 307 2746 ubi
350 2708 399 2746 de
442 2709 569 2758 ipsius
608 2708 777 2747 Socratis
819 2709 923 2759 apud
966 2709 1114 2747 iudices
1158 2709 1385 2747 defensione
1428 2720 1555 2759 pauca

189 2858 222 2902 l)
249 2868 278 2892 a.
306 2858 408 2893 1516.
553 2857 589 2902 2)
616 2868 645 2892 a.
676 2857 777 2892 1525.

187 2917 222 2957 3)
248 2916 461 2961 Hagenovae
487 2927 516 2951 a.
548 2916 648 2961 1520,
674 2927 744 2952 una
771 2927 851 2951 cuni
877 2916 1038 2961 Agesilao
1065 2918 1100 2952 et
1124 2916 1289 2951 Hierone.
